1456 2358
583 132 944 174 PRUDENTIUS

262 244 310 277 ut
329 240 583 290 primitivum
602 239 791 278 crederes
810 238 945 278 fetum
962 242 1052 292 geri

263 293 355 331 Deo
375 292 631 332 offerendum
649 296 782 332 sancti
800 294 943 333 Abelis
962 294 1132 341 ferculo,

261 348 417 386 lectum
437 361 488 386 ex
508 348 618 394 ovili,
635 351 844 400 puriorem
862 351 1024 388 ceteris.
1294 351 1373 391 830

313 416 490 454 puerum
507 406 696 454 poposcit
714 403 913 450 carnifex,
931 409 1067 443 mater
1084 404 1216 450 dedit,

262 470 339 495 nec
357 460 563 496 inmorata
582 463 646 496 est
665 457 846 504 fletibus,
864 464 1031 497 tantum
1049 458 1234 497 osculum

261 514 455 563 inpressit
473 525 624 550 unum:
659 511 682 525 “
702 511 836 558 vale,”
856 515 929 559 ait,
949 511 972 526 ‘⁶
992 513 1240 560 dulcissime,

263 572 307 604 et
325 580 420 604 cum
437 567 587 605 beatus
605 580 735 618 regna
754 567 906 606 Christi
923 570 1155 614 intraveris,

261 627 473 660 memento
492 624 650 667 matris,
669 624 752 659 iam
770 627 945 673 patrone
966 635 1018 660 ex
1037 621 1163 661 filio.”
1294 618 1372 664 835

313 676 442 714 dixit:
475 676 626 714 deinde
646 676 747 714 dum
765 675 862 715 ferit
880 676 1126 715 cerviculam

261 744 474 781 percussor
493 743 606 776 ense,
625 730 750 769 docta
766 731 915 769 mulier
932 731 1108 783 psallere

261 785 462 837 hymnum
480 786 659 824 canebat
677 788 866 824 carminis
887 785 1090 825 Davitici:

261 838 269 852 ‘
288 842 470 890 pretiosa
488 842 620 878 sancti
637 853 746 878 mors
766 841 842 879 sub
861 846 1034 892 aspectu
1052 840 1148 887 Dei,

259 900 355 932 tuus
374 894 444 932 ille
464 908 617 940 servus,
636 894 760 946 prolis
780 895 952 933 ancillae
972 894 1100 934 tuae?
1293 896 1372 936 840

310 949 412 987 talia
429 955 624 988 retexens
645 949 881 1000 explicabat
899 949 1070 1001 pallium

258 1017 488 1055 manusque
507 1004 712 1042 tendebat
731 1005 807 1042 sub
826 1007 911 1042 ictu
931 1010 976 1043 et
994 1007 1210 1057 sanguine,

259 1071 457 1096 venarum
476 1063 524 1097 ut
542 1058 698 1097 undam
716 1058 918 1110 profluam
936 1060 1196 1097 manantium

259 1118 304 1151 et
321 1112 564 1164 palpitantis
583 1115 662 1151 oris
683 1115 894 1164 exciperet
913 1113 1106 1165 globum:

259 1170 439 1219 excepit,
459 1173 503 1206 et
522 1181 615 1206 caro
635 1167 858 1219 adplicavit
875 1171 1046 1219 pectori.
1291 1169 1368 1210 845

311 1227 355 1260 at
373 1228 492 1273 parte
512 1225 648 1273 campi
667 1235 719 1261 ex
739 1222 871 1261 altera
888 1225 1100 1261 inmanem
1117 1236 1265 1275 pyram

258 1277 433 1315 texebat
452 1283 566 1315 ustor
585 1276 766 1316 fumidus
784 1279 885 1328 pinu
905 1277 1033 1322 arida,

257 1337 468 1369 sarmenta
486 1334 650 1369 mixtim
669 1332 837 1370 subdita
856 1337 900 1370 et
919 1331 1031 1370 faeni
1049 1337 1207 1370 struem

257 1399 454 1438 spargens
473 1386 632 1437 liquato
651 1399 742 1424 rore
761 1385 959 1424 ferventis
978 1388 1093 1437 picis,

258 1453 339 1492 quo
358 1439 525 1478 flamma
542 1446 667 1492 pastu
685 1446 890 1479 cresceret
908 1440 1096 1479 ferocius.
1290 1442 1368 1482 850

311 1501 355 1533 et
372 1498 456 1533 iam
474 1498 640 1534 retortis
659 1494 859 1534 bracchiis
878 1494 993 1534 furca
1013 1497 1173 1534 eminus

258 1549 467 1588 Romanus
487 1556 603 1588 actus
621 1550 891 1602 ingerebatur
908 1562 1032 1602 rogo:

259 1602 282 1617 “
301 1602 427 1650 scio‚''
445 1606 582 1656 inquit
598 1604 683 1650 ille,
703 1603 726 1618 “
745 1618 828 1643 non
847 1603 1034 1643 futurum
1051 1610 1100 1643 ut
1118 1617 1369 1650 concremer,

257 1672 335 1697 nec
352 1661 551 1710 passionis
570 1658 648 1698 hoc
665 1672 797 1712 genus
817 1659 963 1697 datum
983 1664 1047 1698 est
1064 1658 1180 1705 mihi,

259 1719 303 1752 et
321 1719 454 1752 restat
471 1715 618 1766 ingens
638 1713 749 1765 quod
768 1713 841 1752 fiat
859 1712 1144 1752 miraculum.''
1290 1715 1367 1755 855

309 1767 413 1806 haec
432 1771 519 1807 eius
539 1782 630 1807 orsa
648 1771 836 1820 sequitur
853 1771 1063 1806 inmensus
1082 1767 1221 1820 fragor

257 1823 378 1861 nubis
396 1825 568 1869 ruentis,
588 1823 750 1861 nimbus
770 1822 959 1861 undatim
978 1825 1096 1875 nigro

196 1999 211 2015 ⁰
236 1995 289 2037 Cf.
316 1995 435 2029 Psalm
460 2006 539 2035 cxv,
565 1996 631 2029 6-7
655 1996 692 2029 in
717 1995 779 2029 the
803 1995 966 2039 Vulgata,
993 1995 1086 2035 cxvi,
1112 1995 1221 2028 15-16
1244 1995 1281 2029 in
1304 1995 1368 2030 the

152 2039 299 2082 English
313 2039 400 2073 A.V.

153 2111 226 2158 284
