1456 2358
144 2139 216 2178 254

577 146 937 188 PRUDENTIUS

258 256 369 305 pacis
390 256 590 305 quietem,
609 256 848 293 castitatem
867 257 1059 306 corporis,

259 308 341 346 Dei
360 311 566 354 timorem,
585 309 773 360 regulam
793 312 1004 355 scientiae,

257 365 503 401 ieiuniorum
522 366 769 414 parcitatem
789 364 980 410 sobriam,

257 430 375 469 spem
392 431 475 456 non
493 420 714 463 iacentem,
733 431 896 469 semper
915 424 959 457 et
975 419 1133 471 largam
1151 433 1334 460 manum.

310 485 362 510 ex
381 472 443 510 his
464 486 662 511 amoenus
680 472 823 511 hostiis
843 475 975 525 surgit
994 487 1120 525 vapor

257 529 423 565 vincens
443 527 612 565 odorem
631 527 817 573 balsami,
836 530 953 573 turis,
972 531 1093 574 croci,

257 595 376 621 auras
395 581 614 620 madentes
635 580 890 620 Persicorum
910 588 1156 623 aromatum

256 636 443 674 sublatus
462 636 560 675 inde
579 636 740 675 caelum
760 636 945 688 adusque
964 637 1126 676 tollitur

257 696 301 729 et
319 696 608 742 prosperatum
627 691 747 729 dulce
767 690 951 730 delectat
970 691 1122 730 Deum.

306 745 414 784 hanc
432 745 689 797 disciplinam
709 748 892 797 quisquis
910 745 1095 785 infensus
1113 752 1245 794 vetat,

254 805 372 838 vetat
389 801 612 852 probatum
630 803 768 838 vivere
788 806 832 839 et
851 807 1041 839 sanctum
1059 804 1192 853 sequi,

255 860 372 893 vetat
390 857 575 907 vigorem
593 857 745 894 mentis
766 855 850 893 alte
869 855 1103 902 intendere,

253 912 466 961 nostrique
487 923 661 948 acumen
679 911 785 962 ignis
806 909 859 948 ad
877 915 1033 948 terram
1051 916 1185 958 vocat,

253 977 330 1002 nec
351 966 523 1002 excitari
541 967 624 1002 vim
643 967 741 1002 sinit
758 964 1019 1016 prudentiae.

305 1032 329 1057 o
348 1032 484 1057 mersa
501 1019 599 1057 limo
618 1022 796 1057 caecitas
815 1019 1056 1071 gentilium!

253 1087 277 1111 o
296 1073 540 1112 carnulenta
558 1076 774 1112 nationum
793 1075 983 1125 pectora!

252 1142 276 1165 o
296 1130 448 1179 spissus
469 1129 600 1166 error!
636 1142 660 1167 o
679 1129 948 1167 tenebrosum
966 1142 1098 1181 genus

252 1185 372 1220 terris
392 1186 584 1229 amicum,
603 1183 793 1221 deditum
812 1183 1016 1229 cadaveri,

252 1237 440 1276 subiecta
458 1250 623 1289 semper
640 1240 821 1283 intuens,
841 1252 1068 1289 numquam
1086 1239 1231 1290 supra!

303 1291 470 1330 furorne
489 1305 672 1330 summus
692 1292 840 1330 ultima
859 1298 903 1331 et
922 1293 1134 1332 dementia
1154 1299 1218 1332 est

251 1346 350 1384 deos
369 1352 533 1398 putare,
553 1349 624 1398 qui
642 1352 836 1385 creantur
854 1350 1024 1398 nuptiis,

250 1414 339 1438 rem
358 1401 586 1452 spiritalem
605 1401 835 1440 terrulente
855 1415 1070 1453 quaerere,

251 1455 462 1494 elementa
479 1455 624 1494 mundi
642 1469 880 1494 consecrare
900 1456 1113 1503 altaribus,

250 1510 293 1548 id
313 1510 424 1561 quod
442 1515 629 1548 creatum
649 1516 713 1549 est
731 1510 988 1549 conditorem
1006 1512 1190 1558 credere,

302 1565 524 1603 deasceato
543 1565 773 1617 supplicare
792 1568 938 1617 stipiti,

250 1621 376 1658 verris
395 1632 538 1658 cruore
558 1622 710 1671 scripta
728 1633 829 1658 saxa
847 1633 1056 1672 spargere,

250 1687 341 1712 aras
360 1672 493 1712 ofellis
512 1674 726 1713 obsecrare
745 1674 924 1721 bubulis,

248 1728 436 1767 homines
455 1727 580 1767 fuisse
600 1743 694 1767 eum
713 1732 829 1775 scias,
850 1742 951 1780 quos
970 1743 1197 1777 consecras,

248 1796 371 1821 urnas
391 1796 555 1821 reorum
574 1786 809 1822 morticinas
828 1783 1040 1822 lambere?

301 1837 470 1884 desiste,
488 1838 614 1876 iudex
634 1838 801 1884 saeculi,
820 1844 986 1877 tantum
1005 1838 1121 1877 nefas

247 1894 342 1930 viris
361 1893 504 1930 iubere
524 1892 782 1944 fortibusque
803 1898 846 1931 et
864 1892 1015 1932 liberis.

247 1946 305 1983 nil
325 1952 389 1985 est
408 1960 547 1985 amore
567 1950 753 1986 veritatis
772 1947 931 1986 celsius.

250 2000 332 2038 Dei
351 2003 543 2051 perennis
562 2014 714 2040 nomen
734 2001 1021 2041 adserentibus

247 2054 348 2092 nihil
366 2058 507 2106 pavori
528 2061 606 2102 est,
624 2069 732 2095 mors
753 2062 797 2095 et
815 2058 904 2108 ipsa
922 2056 1151 2096 subiacet.'’

1290 476 1363 516 361

1289 695 1366 735 365

1287 968 1365 1007 370

1274 1241 1362 1281 -375

1283 1514 1361 1553 380

1281 1787 1358 1827 385

1279 2059 1357 2100 390
