1456 2358
162 2105 232 2155 138

589 119 951 160 PRUDENTIUS

318 228 480 268 refrixit
500 241 551 266 ex
569 227 641 266 illo
660 227 728 266 die

267 284 402 322 cultus
421 283 594 322 deorum
612 284 819 333 turpium:

267 339 384 390 plebs
403 340 446 376 in
465 337 625 376 sacellis
643 339 783 382 rarior,

268 393 420 432 Christi
440 393 493 431 ad
511 391 693 430 tribunal
711 393 899 429 curritur.

320 450 377 486 sic
395 447 595 486 dimicans
615 445 868 484 Laurentius*

267 516 351 541 non
370 515 468 540 ense
487 502 719 554 praecinxit
736 500 860 545 latus,

267 556 417 596 hostile
437 556 511 594 sed
529 555 684 594 ferrum
702 560 813 593 retro

267 617 465 662 torquens
483 613 527 648 in
546 615 756 648 auctorem
776 609 887 648 tulit.

320 666 421 704 dum
439 665 618 704 daemon
635 666 835 703 invictum
855 664 936 702 Dei

267 726 423 759 testem
440 720 606 759 lacessit
623 718 793 770 proelio,

267 774 475 827 perfossus
493 777 581 826 ipse
601 774 780 813 concidit

269 835 313 868 et
332 835 486 868 stratus
506 834 723 867 aeternum
741 830 862 866 iacet.

318 898 427 923 mors
445 884 517 922 illa
536 885 667 922 sancti
685 885 877 935 martyris

267 953 376 977 mors
394 952 492 978 vera
510 937 762 990 templorum
780 936 882 982 fuit3

267 999 367 1032 tunc
385 993 515 1032 Vesta
533 992 738 1031 Palladios
759 991 885 1030 Lares

266 1051 422 1100 inpune
442 1050 571 1086 sensit
589 1047 736 1086 deseri.

319 1102 522 1155 quidquid
540 1102 750 1150 Quiritum
769 1107 960 1140 sueverat

267 1171 383 1196 orare
402 1159 650 1209 simpuvium
670 1157 846 1202 Numae,

268 1212 419 1251 Christi
438 1211 708 1263 frequentans
727 1213 833 1250 atria

267 1266 430 1319 hymnis
448 1266 625 1305 resultat
643 1271 882 1317 martyrem.

318 1323 407 1373 ipsa
426 1327 470 1360 et
488 1326 656 1359 senatus
674 1320 845 1366 lumina,

268 1376 478 1428 quondam
495 1375 651 1427 luperci
670 1380 743 1413 aut
761 1373 962 1420 flamines,

268 1430 548 1482 apostolorum
567 1435 612 1468 et
628 1435 859 1482 martyrum

268 1485 558 1524 exosculantur
575 1484 730 1523 limina.

319 1539 505 1578 videmus
522 1539 716 1578 inlustres
735 1538 892 1585 domos,

266 1608 368 1633 sexu
388 1607 440 1633 ex
460 1600 636 1645 utroque
655 1593 828 1639 nobiles,

267 1648 412 1688 offerre
431 1651 536 1687 votis
554 1651 728 1700 pignera

266 1704 581 1742 clarissimorum
598 1703 787 1741 liberum.

318 1761 493 1797 vittatus
511 1757 610 1796 olim
627 1757 817 1809 pontifex

267 1813 448 1852 adscitur
464 1815 507 1851 in
526 1814 689 1865 signum
707 1814 850 1858 crucis,

268 1867 514 1918 aedemque,
534 1867 748 1911 Laurenti,
767 1872 885 1904 tuam

267 1921 445 1960 Vestalis
463 1924 592 1960 intrat
611 1920 796 1960 Claudia.

320 1976 357 2015 O
376 1981 442 2015 ter
461 1981 692 2028 quaterque
713 1982 756 2014 et
775 1978 928 2027 septies

266 2031 415 2069 beatus
435 2031 546 2069 urbis
565 2030 712 2076 incola,

1299 395 1377 434 500

1299 668 1376 708 505

1298 938 1385 980 510

1298 1214 1374 1253 515

1297 1487 1375 1526 520

1296 1759 1373 1800 525

1297 2032 1375 2072 530
