<?xml version="1.0" encoding="UTF-8"?>
<!DOCTYPE html PUBLIC "-//W3C//DTD XHTML 1.0 Transitional//EN"
    "http://www.w3.org/TR/xhtml1/DTD/xhtml1-transitional.dtd">
<html xmlns="http://www.w3.org/1999/xhtml" xml:lang="en" lang="en">
 <head>
  <title>
</title>
<meta http-equiv="Content-Type" content="text/html;charset=utf-8" />
  <meta name='ocr-system' content='tesseract 3.04.00' />
  <meta name='ocr-capabilities' content='ocr_page ocr_carea ocr_par ocr_line ocrx_word'/>
</head>
<body>
  <div class='ocr_page' id='page_1' title='image "./prudentius00pruduoft/prudentius00pruduoft_0090.png"; bbox 0 0 1456 2358; ppageno 0'>
   <div class='ocr_carea' id='block_1_1' title="bbox 568 125 930 167">
    <p class='ocr_par' dir='ltr' id='par_1_1' title="bbox 568 125 930 167">
     <span class='ocr_line' id='line_1_1' title="bbox 568 125 930 167; baseline 0.006 -3"><span class='ocrx_word' id='word_1_1' title='bbox 568 125 930 167; x_wconf 87' lang='lat' dir='ltr'>PRUDENTIUS</span> 
     </span>
    </p>
   </div>
   <div class='ocr_carea' id='block_1_2' title="bbox 136 231 1359 1675">
    <p class='ocr_par' dir='ltr' id='par_1_2' title="bbox 140 231 1359 284">
     <span class='ocr_line' id='line_1_2' title="bbox 140 231 1359 284; baseline 0.007 -16"><span class='ocrx_word' id='word_1_2' title='bbox 140 233 276 269; x_wconf 90' lang='lat' dir='ltr'><strong>omine</strong></span> <span class='ocrx_word' id='word_1_3' title='bbox 296 231 503 277; x_wconf 89' lang='lat' dir='ltr'><strong>sollicitat,</strong></span> <span class='ocrx_word' id='word_1_4' title='bbox 523 234 634 283; x_wconf 83' lang='lat' dir='ltr'>capit</span> <span class='ocrx_word' id='word_1_5' title='bbox 654 246 824 284; x_wconf 83' lang='lat' dir='ltr'><strong>augure,</strong></span> <span class='ocrx_word' id='word_1_6' title='bbox 844 235 1010 272; x_wconf 81' lang='lat' dir='ltr'><strong>territat</strong></span> <span class='ocrx_word' id='word_1_7' title='bbox 1030 236 1150 273; x_wconf 87' lang='lat' dir='ltr'><strong>extis.</strong></span> <span class='ocrx_word' id='word_1_8' title='bbox 1282 236 1359 276; x_wconf 87' lang='lat'><strong>895</strong></span> 
     </span>
    </p>

    <p class='ocr_par' dir='ltr' id='par_1_3' title="bbox 139 295 1212 344">
     <span class='ocr_line' id='line_1_3' title="bbox 139 295 1212 344; baseline 0.005 -13"><span class='ocrx_word' id='word_1_9' title='bbox 139 296 270 331; x_wconf 85' lang='lat' dir='ltr'>cernis</span> <span class='ocrx_word' id='word_1_10' title='bbox 291 300 338 332; x_wconf 89' lang='lat' dir='ltr'><strong>ut</strong></span> <span class='ocrx_word' id='word_1_11' title='bbox 358 308 439 332; x_wconf 88' lang='lat' dir='ltr'><strong>una</strong></span> <span class='ocrx_word' id='word_1_12' title='bbox 458 297 523 332; x_wconf 87' lang='lat' dir='ltr'><strong>via</strong></span> <span class='ocrx_word' id='word_1_13' title='bbox 543 301 607 333; x_wconf 87' lang='lat' dir='ltr'><strong>est</strong></span> <span class='ocrx_word' id='word_1_14' title='bbox 626 295 766 334; x_wconf 86' lang='lat' dir='ltr'><strong>multis</strong></span> <span class='ocrx_word' id='word_1_15' title='bbox 787 295 1038 335; x_wconf 89' lang='lat' dir='ltr'><strong>anfractibus</strong></span> <span class='ocrx_word' id='word_1_16' title='bbox 1059 310 1212 344; x_wconf 87' lang='lat' dir='ltr'><strong>errans,</strong></span> 
     </span>
    </p>

    <p class='ocr_par' dir='ltr' id='par_1_4' title="bbox 139 357 1133 409">
     <span class='ocr_line' id='line_1_4' title="bbox 139 357 1133 409; baseline 0.004 -14"><span class='ocrx_word' id='word_1_17' title='bbox 139 357 268 395; x_wconf 88' lang='lat' dir='ltr'><strong>talem</strong></span> <span class='ocrx_word' id='word_1_18' title='bbox 287 371 408 409; x_wconf 89' lang='lat' dir='ltr'><strong>passa</strong></span> <span class='ocrx_word' id='word_1_19' title='bbox 426 357 575 396; x_wconf 91' lang='lat' dir='ltr'><strong>ducem</strong></span> <span class='ocrx_word' id='word_1_20' title='bbox 595 361 666 409; x_wconf 92' lang='lat' dir='ltr'><strong>qui</strong></span> <span class='ocrx_word' id='word_1_21' title='bbox 684 372 766 397; x_wconf 92' lang='lat' dir='ltr'><strong>non</strong></span> <span class='ocrx_word' id='word_1_22' title='bbox 785 361 894 397; x_wconf 87' lang='lat' dir='ltr'><strong>sinat</strong></span> <span class='ocrx_word' id='word_1_23' title='bbox 912 362 971 398; x_wconf 90' lang='lat' dir='ltr'><strong>ire</strong></span> <span class='ocrx_word' id='word_1_24' title='bbox 990 360 1133 399; x_wconf 84' lang='lat' dir='ltr'><strong>salutis</strong></span> 
     </span>
    </p>

    <p class='ocr_par' dir='ltr' id='par_1_5' title="bbox 140 420 1274 474">
     <span class='ocr_line' id='line_1_5' title="bbox 140 420 1274 474; baseline 0.004 -16"><span class='ocrx_word' id='word_1_25' title='bbox 140 420 193 458; x_wconf 93' lang='lat' dir='ltr'><strong>ad</strong></span> <span class='ocrx_word' id='word_1_26' title='bbox 213 420 453 466; x_wconf 86' lang='lat' dir='ltr'><strong>Dominum,</strong></span> <span class='ocrx_word' id='word_1_27' title='bbox 473 421 547 459; x_wconf 92' lang='lat' dir='ltr'><strong>sed</strong></span> <span class='ocrx_word' id='word_1_28' title='bbox 565 424 708 460; x_wconf 83' lang='lat' dir='ltr'><strong>mortis</strong></span> <span class='ocrx_word' id='word_1_29' title='bbox 727 424 807 460; x_wconf 86' lang='lat' dir='ltr'><strong>iter</strong></span> <span class='ocrx_word' id='word_1_30' title='bbox 825 435 900 474; x_wconf 90' lang='lat' dir='ltr'><strong>per</strong></span> <span class='ocrx_word' id='word_1_31' title='bbox 918 422 1039 461; x_wconf 89' lang='lat' dir='ltr'><strong>devia</strong></span> <span class='ocrx_word' id='word_1_32' title='bbox 1056 429 1274 470; x_wconf 84' lang='lat' dir='ltr'><strong>monstrat,</strong></span> 
     </span>
    </p>

    <p class='ocr_par' dir='ltr' id='par_1_6' title="bbox 139 483 1148 538">
     <span class='ocr_line' id='line_1_6' title="bbox 139 483 1148 538; baseline 0.004 -17"><span class='ocrx_word' id='word_1_33' title='bbox 139 483 260 521; x_wconf 89' lang='lat' dir='ltr'><strong>devia</strong></span> <span class='ocrx_word' id='word_1_34' title='bbox 278 486 391 535; x_wconf 89' lang='lat' dir='ltr'><strong>picta</strong></span> <span class='ocrx_word' id='word_1_35' title='bbox 408 484 525 522; x_wconf 93' lang='lat' dir='ltr'><strong>bonis</strong></span> <span class='ocrx_word' id='word_1_36' title='bbox 545 485 751 531; x_wconf 92' lang='lat' dir='ltr'><strong>brevibus,</strong></span> <span class='ocrx_word' id='word_1_37' title='bbox 771 485 845 524; x_wconf 90' lang='lat' dir='ltr'><strong>sed</strong></span> <span class='ocrx_word' id='word_1_38' title='bbox 864 485 945 524; x_wconf 89' lang='lat' dir='ltr'><strong>fine</strong></span> <span class='ocrx_word' id='word_1_39' title='bbox 965 487 1041 524; x_wconf 93' lang='lat' dir='ltr'><strong>sub</strong></span> <span class='ocrx_word' id='word_1_40' title='bbox 1059 489 1148 538; x_wconf 91' lang='lat' dir='ltr'><strong>ipso</strong></span> 
     </span>
    </p>

    <p class='ocr_par' dir='ltr' id='par_1_7' title="bbox 138 547 1323 603">
     <span class='ocr_line' id='line_1_7' title="bbox 138 547 1323 603; baseline 0.003 -19"><span class='ocrx_word' id='word_1_41' title='bbox 138 549 274 585; x_wconf 88' lang='lat' dir='ltr'><strong>tristia</strong></span> <span class='ocrx_word' id='word_1_42' title='bbox 294 553 337 585; x_wconf 91' lang='lat' dir='ltr'><strong>et</strong></span> <span class='ocrx_word' id='word_1_43' title='bbox 355 549 398 584; x_wconf 93' lang='lat' dir='ltr'><strong>in</strong></span> <span class='ocrx_word' id='word_1_44' title='bbox 417 547 598 586; x_wconf 86' lang='lat' dir='ltr'><strong>subitam</strong></span> <span class='ocrx_word' id='word_1_45' title='bbox 617 561 815 600; x_wconf 89' lang='lat' dir='ltr'><strong>praeceps</strong></span> <span class='ocrx_word' id='word_1_46' title='bbox 833 551 1013 587; x_wconf 87' lang='lat' dir='ltr'>inmersa</span> <span class='ocrx_word' id='word_1_47' title='bbox 1031 549 1323 603; x_wconf 87' lang='lat' dir='ltr'>Charybdem?</span> 
     </span>
    </p>

    <p class='ocr_par' dir='ltr' id='par_1_8' title="bbox 138 610 1354 662">
     <span class='ocr_line' id='line_1_8' title="bbox 138 610 1354 662; baseline 0.006 -15"><span class='ocrx_word' id='word_1_48' title='bbox 138 612 197 648; x_wconf 91' lang='lat' dir='ltr'><strong>ite</strong></span> <span class='ocrx_word' id='word_1_49' title='bbox 217 610 372 661; x_wconf 89' lang='lat' dir='ltr'><strong>procul,</strong></span> <span class='ocrx_word' id='word_1_50' title='bbox 390 611 560 662; x_wconf 85' lang='lat' dir='ltr'><strong>gentes!</strong></span> <span class='ocrx_word' id='word_1_51' title='bbox 597 614 800 649; x_wconf 87' lang='lat' dir='ltr'><strong>consortia</strong></span> <span class='ocrx_word' id='word_1_52' title='bbox 819 611 933 650; x_wconf 87' lang='lat' dir='ltr'><strong>nulla</strong></span> <span class='ocrx_word' id='word_1_53' title='bbox 951 615 1107 651; x_wconf 85' lang='lat' dir='ltr'><strong>viarum</strong></span> <span class='ocrx_word' id='word_1_54' title='bbox 1283 615 1354 654; x_wconf 87' lang='lat'><strong>901</strong></span> 
     </span>
    </p>

    <p class='ocr_par' dir='ltr' id='par_1_9' title="bbox 138 673 1124 728">
     <span class='ocr_line' id='line_1_9' title="bbox 138 673 1124 728; baseline 0.004 -18"><span class='ocrx_word' id='word_1_55' title='bbox 138 679 235 711; x_wconf 91' lang='lat' dir='ltr'><strong>sunt</strong></span> <span class='ocrx_word' id='word_1_56' title='bbox 254 674 368 711; x_wconf 92' lang='lat' dir='ltr'><strong>vobis</strong></span> <span class='ocrx_word' id='word_1_57' title='bbox 388 687 481 711; x_wconf 91' lang='lat' dir='ltr'><strong>cum</strong></span> <span class='ocrx_word' id='word_1_58' title='bbox 500 673 623 725; x_wconf 87' lang='lat' dir='ltr'><strong>plebe</strong></span> <span class='ocrx_word' id='word_1_59' title='bbox 645 674 748 719; x_wconf 92' lang='lat' dir='ltr'><strong>Dei;</strong></span> <span class='ocrx_word' id='word_1_60' title='bbox 782 675 982 713; x_wconf 83' lang='lat' dir='ltr'><strong>discedite</strong></span> <span class='ocrx_word' id='word_1_61' title='bbox 1001 675 1124 728; x_wconf 89' lang='lat' dir='ltr'><strong>longe</strong></span> 
     </span>
    </p>

    <p class='ocr_par' dir='ltr' id='par_1_10' title="bbox 139 737 1199 789">
     <span class='ocr_line' id='line_1_10' title="bbox 139 737 1199 789; baseline 0.004 -16"><span class='ocrx_word' id='word_1_62' title='bbox 139 742 183 774; x_wconf 90' lang='lat' dir='ltr'><strong>et</strong></span> <span class='ocrx_word' id='word_1_63' title='bbox 202 742 386 774; x_wconf 90' lang='lat' dir='ltr'><strong>vestrum</strong></span> <span class='ocrx_word' id='word_1_64' title='bbox 404 742 626 787; x_wconf 90' lang='lat' dir='ltr'><strong>penetrate</strong></span> <span class='ocrx_word' id='word_1_65' title='bbox 646 737 782 783; x_wconf 90' lang='lat' dir='ltr'><strong>chaos,</strong></span> <span class='ocrx_word' id='word_1_66' title='bbox 802 751 884 789; x_wconf 92' lang='lat' dir='ltr'><strong>quo</strong></span> <span class='ocrx_word' id='word_1_67' title='bbox 903 752 973 776; x_wconf 90' lang='lat' dir='ltr'><strong>vos</strong></span> <span class='ocrx_word' id='word_1_68' title='bbox 993 745 1112 777; x_wconf 88' lang='lat' dir='ltr'><strong>vocat</strong></span> <span class='ocrx_word' id='word_1_69' title='bbox 1130 739 1199 777; x_wconf 91' lang='lat' dir='ltr'><strong>ille</strong></span> 
     </span>
    </p>

    <p class='ocr_par' dir='ltr' id='par_1_11' title="bbox 138 798 1125 852">
     <span class='ocr_line' id='line_1_11' title="bbox 138 798 1125 852; baseline 0.004 -16"><span class='ocrx_word' id='word_1_70' title='bbox 138 802 327 850; x_wconf 90' lang='lat' dir='ltr'><strong>praevius</strong></span> <span class='ocrx_word' id='word_1_71' title='bbox 347 798 534 837; x_wconf 88' lang='lat' dir='ltr'><strong>infernae</strong></span> <span class='ocrx_word' id='word_1_72' title='bbox 552 800 752 851; x_wconf 89' lang='lat' dir='ltr'><strong>perplexa</strong></span> <span class='ocrx_word' id='word_1_73' title='bbox 770 814 845 852; x_wconf 90' lang='lat' dir='ltr'><strong>per</strong></span> <span class='ocrx_word' id='word_1_74' title='bbox 864 803 955 839; x_wconf 91' lang='lat' dir='ltr'><strong>avia</strong></span> <span class='ocrx_word' id='word_1_75' title='bbox 973 802 1125 840; x_wconf 85' lang='lat' dir='ltr'><strong>noctis!</strong></span> 
     </span>
    </p>

    <p class='ocr_par' dir='ltr' id='par_1_12' title="bbox 139 863 1358 915">
     <span class='ocr_line' id='line_1_12' title="bbox 139 863 1358 915; baseline 0.005 -16"><span class='ocrx_word' id='word_1_76' title='bbox 139 868 183 900; x_wconf 85' lang='lat' dir='ltr'><strong>at</strong></span> <span class='ocrx_word' id='word_1_77' title='bbox 202 863 319 900; x_wconf 87' lang='lat' dir='ltr'><strong>nobis</strong></span> <span class='ocrx_word' id='word_1_78' title='bbox 339 865 450 900; x_wconf 84' lang='lat' dir='ltr'><strong>vitae</strong></span> <span class='ocrx_word' id='word_1_79' title='bbox 471 863 697 901; x_wconf 90' lang='lat' dir='ltr'><strong>Dominum</strong></span> <span class='ocrx_word' id='word_1_80' title='bbox 717 865 1011 915; x_wconf 81' lang='lat' dir='ltr'><strong>quaerentibus</strong></span> <span class='ocrx_word' id='word_1_81' title='bbox 1031 878 1159 903; x_wconf 90' lang='lat' dir='ltr'><strong>unum</strong></span> <span class='ocrx_word' id='word_1_82' title='bbox 1282 867 1358 906; x_wconf 86' lang='lat'><strong>905</strong></span> 
     </span>
    </p>

    <p class='ocr_par' dir='ltr' id='par_1_13' title="bbox 136 925 1114 980">
     <span class='ocr_line' id='line_1_13' title="bbox 136 925 1114 980; baseline 0.003 -17"><span class='ocrx_word' id='word_1_83' title='bbox 136 925 208 963; x_wconf 88' lang='lat' dir='ltr'><strong>lux</strong></span> <span class='ocrx_word' id='word_1_84' title='bbox 227 928 308 964; x_wconf 86' lang='lat' dir='ltr'><strong>iter</strong></span> <span class='ocrx_word' id='word_1_85' title='bbox 328 931 392 964; x_wconf 90' lang='lat' dir='ltr'><strong>est</strong></span> <span class='ocrx_word' id='word_1_86' title='bbox 412 931 456 964; x_wconf 90' lang='lat' dir='ltr'><strong>et</strong></span> <span class='ocrx_word' id='word_1_87' title='bbox 474 925 584 964; x_wconf 89' lang='lat' dir='ltr'><strong>clara</strong></span> <span class='ocrx_word' id='word_1_88' title='bbox 602 926 690 965; x_wconf 90' lang='lat' dir='ltr'><strong>dies</strong></span> <span class='ocrx_word' id='word_1_89' title='bbox 711 932 754 965; x_wconf 93' lang='lat' dir='ltr'><strong>et</strong></span> <span class='ocrx_word' id='word_1_90' title='bbox 772 930 908 979; x_wconf 89' lang='lat' dir='ltr'><strong>gratia</strong></span> <span class='ocrx_word' id='word_1_91' title='bbox 927 927 1114 980; x_wconf 87' lang='lat' dir='ltr'><strong>simplex.</strong></span> 
     </span>
    </p>

    <p class='ocr_par' dir='ltr' id='par_1_14' title="bbox 138 989 1359 1043">
     <span class='ocr_line' id='line_1_14' title="bbox 138 989 1359 1043; baseline 0.003 -17"><span class='ocrx_word' id='word_1_92' title='bbox 138 1002 256 1040; x_wconf 91' lang='lat' dir='ltr'><strong>spem</strong></span> <span class='ocrx_word' id='word_1_93' title='bbox 275 991 486 1040; x_wconf 86' lang='lat' dir='ltr'><strong>sequimur</strong></span> <span class='ocrx_word' id='word_1_94' title='bbox 503 989 798 1041; x_wconf 85' lang='lat' dir='ltr'><strong>gradimurque</strong></span> <span class='ocrx_word' id='word_1_95' title='bbox 819 989 900 1028; x_wconf 91' lang='lat' dir='ltr'><strong>fide</strong></span> <span class='ocrx_word' id='word_1_96' title='bbox 919 989 1176 1043; x_wconf 89' lang='lat' dir='ltr'><strong>fruimurque</strong></span> <span class='ocrx_word' id='word_1_97' title='bbox 1195 990 1359 1038; x_wconf 84' lang='lat' dir='ltr'><strong>futuris,</strong></span> 
     </span>
    </p>

    <p class='ocr_par' dir='ltr' id='par_1_15' title="bbox 139 1051 1176 1105">
     <span class='ocr_line' id='line_1_15' title="bbox 139 1051 1176 1105; baseline 0.002 -15"><span class='ocrx_word' id='word_1_98' title='bbox 139 1051 192 1090; x_wconf 88' lang='lat' dir='ltr'><strong>ad</strong></span> <span class='ocrx_word' id='word_1_99' title='bbox 211 1065 318 1103; x_wconf 91' lang='lat' dir='ltr'><strong>quae</strong></span> <span class='ocrx_word' id='word_1_100' title='bbox 338 1066 421 1090; x_wconf 93' lang='lat' dir='ltr'><strong>non</strong></span> <span class='ocrx_word' id='word_1_101' title='bbox 440 1054 612 1091; x_wconf 89' lang='lat' dir='ltr'><strong>veniunt</strong></span> <span class='ocrx_word' id='word_1_102' title='bbox 631 1055 861 1104; x_wconf 88' lang='lat' dir='ltr'><strong>praesentis</strong></span> <span class='ocrx_word' id='word_1_103' title='bbox 880 1053 1033 1105; x_wconf 88' lang='lat' dir='ltr'><strong>gaudia</strong></span> <span class='ocrx_word' id='word_1_104' title='bbox 1051 1056 1176 1100; x_wconf 84' lang='lat' dir='ltr'><strong>vitae,</strong></span> 
     </span>
    </p>

    <p class='ocr_par' dir='ltr' id='par_1_16' title="bbox 137 1116 1359 1231">
     <span class='ocr_line' id='line_1_16' title="bbox 137 1116 1223 1169; baseline 0.004 -17"><span class='ocrx_word' id='word_1_105' title='bbox 137 1128 214 1153; x_wconf 90' lang='lat' dir='ltr'><strong>nec</strong></span> <span class='ocrx_word' id='word_1_106' title='bbox 234 1121 403 1153; x_wconf 87' lang='lat' dir='ltr'><strong>currunt</strong></span> <span class='ocrx_word' id='word_1_107' title='bbox 422 1117 578 1166; x_wconf 89' lang='lat' dir='ltr'><strong>pariter</strong></span> <span class='ocrx_word' id='word_1_108' title='bbox 596 1121 720 1167; x_wconf 89' lang='lat' dir='ltr'><strong>capta</strong></span> <span class='ocrx_word' id='word_1_109' title='bbox 739 1121 783 1154; x_wconf 91' lang='lat' dir='ltr'><strong>et</strong></span> <span class='ocrx_word' id='word_1_110' title='bbox 802 1116 1004 1168; x_wconf 90' lang='lat' dir='ltr'><strong>capienda</strong></span> <span class='ocrx_word' id='word_1_111' title='bbox 1021 1117 1223 1169; x_wconf 89' lang='lat' dir='ltr'><strong>voluptas.</strong></span> 
     </span>
     <span class='ocr_line' id='line_1_17' title="bbox 189 1177 1359 1231; baseline 0.005 -16"><span class='ocrx_word' id='word_1_112' title='bbox 189 1178 337 1216; x_wconf 90' lang='lat' dir='ltr'><strong>ultima</strong></span> <span class='ocrx_word' id='word_1_113' title='bbox 355 1178 485 1230; x_wconf 87' lang='lat' dir='ltr'><strong>legati</strong></span> <span class='ocrx_word' id='word_1_114' title='bbox 503 1177 659 1217; x_wconf 88' lang='lat' dir='ltr'><strong>defleta</strong></span> <span class='ocrx_word' id='word_1_115' title='bbox 677 1179 817 1218; x_wconf 92' lang='lat' dir='ltr'><strong>dolore</strong></span> <span class='ocrx_word' id='word_1_116' title='bbox 837 1179 1021 1231; x_wconf 86' lang='lat' dir='ltr'><strong>querella</strong></span> <span class='ocrx_word' id='word_1_117' title='bbox 1041 1186 1105 1219; x_wconf 92' lang='lat' dir='ltr'><strong>est</strong></span> <span class='ocrx_word' id='word_1_118' title='bbox 1282 1182 1359 1221; x_wconf 90' lang='grc'><strong>910</strong></span> 
     </span>
    </p>

    <p class='ocr_par' dir='ltr' id='par_1_17' title="bbox 138 1239 1186 1295">
     <span class='ocr_line' id='line_1_18' title="bbox 138 1239 1186 1295; baseline 0.004 -17"><span class='ocrx_word' id='word_1_119' title='bbox 138 1239 330 1279; x_wconf 87' lang='lat' dir='ltr'><strong>Palladiis</strong></span> <span class='ocrx_word' id='word_1_120' title='bbox 351 1241 461 1293; x_wconf 91' lang='lat' dir='ltr'><strong>quod</strong></span> <span class='ocrx_word' id='word_1_121' title='bbox 480 1240 589 1280; x_wconf 88' lang='lat' dir='ltr'><strong>farra</strong></span> <span class='ocrx_word' id='word_1_122' title='bbox 607 1241 721 1288; x_wconf 89' lang='lat' dir='ltr'><strong>focis,</strong></span> <span class='ocrx_word' id='word_1_123' title='bbox 740 1242 806 1280; x_wconf 92' lang='lat' dir='ltr'><strong>vel</strong></span> <span class='ocrx_word' id='word_1_124' title='bbox 825 1243 936 1294; x_wconf 91' lang='lat' dir='ltr'><strong>quod</strong></span> <span class='ocrx_word' id='word_1_125' title='bbox 954 1245 1071 1295; x_wconf 89' lang='lat' dir='ltr'><strong>stipis</strong></span> <span class='ocrx_word' id='word_1_126' title='bbox 1089 1245 1186 1295; x_wconf 88' lang='lat' dir='ltr'><strong>ipsis</strong></span> 
     </span>
    </p>

    <p class='ocr_par' dir='ltr' id='par_1_18' title="bbox 137 1305 1196 1358">
     <span class='ocr_line' id='line_1_19' title="bbox 137 1305 1196 1358; baseline 0.002 -16"><span class='ocrx_word' id='word_1_127' title='bbox 137 1305 361 1356; x_wconf 82' lang='lat' dir='ltr'><strong>virginibus</strong></span> <span class='ocrx_word' id='word_1_128' title='bbox 381 1307 588 1356; x_wconf 84' lang='lat' dir='ltr'><strong>castisque</strong></span> <span class='ocrx_word' id='word_1_129' title='bbox 608 1305 738 1343; x_wconf 91' lang='lat' dir='ltr'><strong>choris</strong></span> <span class='ocrx_word' id='word_1_130' title='bbox 759 1305 957 1344; x_wconf 88' lang='lat' dir='ltr'><strong>alimenta</strong></span> <span class='ocrx_word' id='word_1_131' title='bbox 975 1313 1196 1358; x_wconf 86' lang='lat' dir='ltr'><strong>negentur,</strong></span> 
     </span>
    </p>

    <p class='ocr_par' dir='ltr' id='par_1_19' title="bbox 137 1367 1135 1422">
     <span class='ocr_line' id='line_1_20' title="bbox 137 1367 1135 1422; baseline 0.003 -17"><span class='ocrx_word' id='word_1_132' title='bbox 137 1367 325 1406; x_wconf 83' lang='lat' dir='ltr'><strong>Vestales</strong></span> <span class='ocrx_word' id='word_1_133' title='bbox 345 1368 474 1406; x_wconf 90' lang='lat' dir='ltr'><strong>solitis</strong></span> <span class='ocrx_word' id='word_1_134' title='bbox 493 1367 736 1407; x_wconf 86' lang='lat' dir='ltr'><strong>fraudentur</strong></span> <span class='ocrx_word' id='word_1_135' title='bbox 755 1370 986 1420; x_wconf 87' lang='lat' dir='ltr'><strong>sumptibus</strong></span> <span class='ocrx_word' id='word_1_136' title='bbox 1005 1372 1135 1422; x_wconf 88' lang='lat' dir='ltr'><strong>ignes.</strong></span> 
     </span>
    </p>

    <p class='ocr_par' dir='ltr' id='par_1_20' title="bbox 137 1430 1094 1485">
     <span class='ocr_line' id='line_1_21' title="bbox 137 1430 1094 1485; baseline 0.003 -17"><span class='ocrx_word' id='word_1_137' title='bbox 137 1431 231 1469; x_wconf 90' lang='lat' dir='ltr'><strong>hinc</strong></span> <span class='ocrx_word' id='word_1_138' title='bbox 252 1434 310 1469; x_wconf 91' lang='lat' dir='ltr'><strong>ait</strong></span> <span class='ocrx_word' id='word_1_139' title='bbox 331 1437 374 1469; x_wconf 86' lang='lat' dir='ltr'><strong>et</strong></span> <span class='ocrx_word' id='word_1_140' title='bbox 393 1431 554 1470; x_wconf 88' lang='lat' dir='ltr'><strong>steriles</strong></span> <span class='ocrx_word' id='word_1_141' title='bbox 573 1430 808 1483; x_wconf 87' lang='lat' dir='ltr'><strong>frugescere</strong></span> <span class='ocrx_word' id='word_1_142' title='bbox 827 1435 955 1471; x_wconf 89' lang='lat' dir='ltr'><strong>rarius</strong></span> <span class='ocrx_word' id='word_1_143' title='bbox 975 1446 1094 1485; x_wconf 87' lang='lat' dir='ltr'><strong>agros</strong></span> 
     </span>
    </p>

    <p class='ocr_par' dir='ltr' id='par_1_21' title="bbox 139 1493 1357 1548">
     <span class='ocr_line' id='line_1_22' title="bbox 139 1493 1357 1548; baseline 0.004 -16"><span class='ocrx_word' id='word_1_144' title='bbox 139 1500 183 1533; x_wconf 91' lang='lat' dir='ltr'><strong>et</strong></span> <span class='ocrx_word' id='word_1_145' title='bbox 202 1497 366 1533; x_wconf 81' lang='lat' dir='ltr'><strong>tristem</strong></span> <span class='ocrx_word' id='word_1_146' title='bbox 385 1497 541 1533; x_wconf 88' lang='lat' dir='ltr'><strong>saevire</strong></span> <span class='ocrx_word' id='word_1_147' title='bbox 562 1493 730 1541; x_wconf 81' lang='lat' dir='ltr'><strong>famem,</strong></span> <span class='ocrx_word' id='word_1_148' title='bbox 749 1501 970 1547; x_wconf 88' lang='lat' dir='ltr'><strong>totumque</strong></span> <span class='ocrx_word' id='word_1_149' title='bbox 989 1509 1064 1548; x_wconf 89' lang='lat' dir='ltr'><strong>per</strong></span> <span class='ocrx_word' id='word_1_150' title='bbox 1082 1497 1225 1535; x_wconf 89' lang='lat' dir='ltr'><strong>orbem</strong></span> <span class='ocrx_word' id='word_1_151' title='bbox 1281 1498 1357 1538; x_wconf 84' lang='lat'><strong>915</strong></span> 
     </span>
    </p>

    <p class='ocr_par' dir='ltr' id='par_1_22' title="bbox 138 1557 1058 1611">
     <span class='ocr_line' id='line_1_23' title="bbox 138 1557 1058 1611; baseline 0.003 -16"><span class='ocrx_word' id='word_1_152' title='bbox 138 1557 333 1596; x_wconf 88' lang='lat' dir='ltr'><strong>mortales</strong></span> <span class='ocrx_word' id='word_1_153' title='bbox 352 1557 508 1609; x_wconf 87' lang='lat' dir='ltr'><strong>pallere</strong></span> <span class='ocrx_word' id='word_1_154' title='bbox 526 1559 670 1609; x_wconf 90' lang='lat' dir='ltr'><strong>inopes</strong></span> <span class='ocrx_word' id='word_1_155' title='bbox 690 1572 737 1596; x_wconf 90' lang='lat' dir='ltr'><strong>ac</strong></span> <span class='ocrx_word' id='word_1_156' title='bbox 755 1561 872 1610; x_wconf 87' lang='lat' dir='ltr'><strong>panis</strong></span> <span class='ocrx_word' id='word_1_157' title='bbox 893 1572 1058 1611; x_wconf 88' lang='lat' dir='ltr'><strong>egenos.</strong></span> 
     </span>
    </p>

    <p class='ocr_par' dir='ltr' id='par_1_23' title="bbox 139 1623 1221 1675">
     <span class='ocr_line' id='line_1_24' title="bbox 139 1623 1221 1675; baseline 0.003 -17"><span class='ocrx_word' id='word_1_158' title='bbox 139 1634 245 1672; x_wconf 91' lang='lat' dir='ltr'><strong>quae</strong></span> <span class='ocrx_word' id='word_1_159' title='bbox 266 1626 386 1659; x_wconf 85' lang='lat' dir='ltr'><strong>tanta</strong></span> <span class='ocrx_word' id='word_1_160' title='bbox 406 1623 594 1659; x_wconf 85' lang='lat' dir='ltr'><strong>extiterit</strong></span> <span class='ocrx_word' id='word_1_161' title='bbox 613 1624 823 1672; x_wconf 91' lang='lat' dir='ltr'><strong>praesenti</strong></span> <span class='ocrx_word' id='word_1_162' title='bbox 842 1627 1030 1674; x_wconf 91' lang='lat' dir='ltr'><strong>tempore</strong></span> <span class='ocrx_word' id='word_1_163' title='bbox 1050 1628 1221 1675; x_wconf 86' lang='lat' dir='ltr'><strong>tamque</strong></span> 
     </span>
    </p>
   </div>
   <div class='ocr_carea' id='block_1_3' title="bbox 139 1735 1356 2088">
    <p class='ocr_par' dir='ltr' id='par_1_24' title="bbox 140 1735 1352 1813">
     <span class='ocr_line' id='line_1_25' title="bbox 186 1735 1352 1779; baseline 0.003 -12"><span class='ocrx_word' id='word_1_164' title='bbox 186 1739 201 1756; x_wconf 82' lang='lat'><strong>‘²</strong></span> <span class='ocrx_word' id='word_1_165' title='bbox 225 1735 274 1768; x_wconf 88' lang='lat' dir='ltr'><strong>Of</strong></span> <span class='ocrx_word' id='word_1_166' title='bbox 288 1736 375 1778; x_wconf 82' lang='lat' dir='ltr'><strong>boys</strong></span> <span class='ocrx_word' id='word_1_167' title='bbox 391 1736 463 1768; x_wconf 89' lang='lat' dir='ltr'><strong>and</strong></span> <span class='ocrx_word' id='word_1_168' title='bbox 478 1736 571 1778; x_wconf 89' lang='lat' dir='ltr'><strong>girls.</strong></span> <span class='ocrx_word' id='word_1_169' title='bbox 620 1736 673 1779; x_wconf 85' lang='lat' dir='ltr'><strong>Cf.</strong></span> <span class='ocrx_word' id='word_1_170' title='bbox 693 1736 840 1775; x_wconf 84' lang='lat' dir='ltr'><strong>Horace,</strong></span> <span class='ocrx_word' id='word_1_171' title='bbox 859 1737 956 1776; x_wconf 71' lang='lat' dir='ltr'><strong>Odes,</strong></span> <span class='ocrx_word' id='word_1_172' title='bbox 975 1737 1004 1776; x_wconf 92' lang='lat' dir='ltr'><strong>I,</strong></span> <span class='ocrx_word' id='word_1_173' title='bbox 1023 1739 1084 1776; x_wconf 84' lang='lat'><strong>21;</strong></span> <span class='ocrx_word' id='word_1_174' title='bbox 1109 1738 1171 1777; x_wconf 89' lang='lat' dir='ltr'><strong>IV,</strong></span> <span class='ocrx_word' id='word_1_175' title='bbox 1189 1737 1221 1776; x_wconf 89' lang='lat'><strong>6,</strong></span> <span class='ocrx_word' id='word_1_176' title='bbox 1239 1739 1284 1771; x_wconf 88' lang='grc'><strong>29</strong></span> <span class='ocrx_word' id='word_1_177' title='bbox 1298 1736 1352 1770; x_wconf 87' lang='lat' dir='ltr'><strong>ff.·</strong></span> 
     </span>
     <span class='ocr_line' id='line_1_26' title="bbox 140 1779 458 1813; baseline 0.003 -2"><span class='ocrx_word' id='word_1_178' title='bbox 140 1780 254 1812; x_wconf 83' lang='lat' dir='ltr'><strong>Carm.</strong></span> <span class='ocrx_word' id='word_1_179' title='bbox 271 1779 365 1812; x_wconf 76' lang='lat' dir='ltr'><strong>Sacc.</strong></span> <span class='ocrx_word' id='word_1_180' title='bbox 382 1782 458 1813; x_wconf 85' lang='lat'><strong>5—8.</strong></span> 
     </span>
    </p>

    <p class='ocr_par' dir='ltr' id='par_1_25' title="bbox 139 1823 1356 2088">
     <span class='ocr_line' id='line_1_27' title="bbox 188 1823 1355 1868; baseline 0.003 -12"><span class='ocrx_word' id='word_1_181' title='bbox 188 1823 201 1844; x_wconf 57' lang='grc' dir='ltr'><strong><em>ὸ</em></strong></span> <span class='ocrx_word' id='word_1_182' title='bbox 226 1823 373 1856; x_wconf 82' lang='lat' dir='ltr'><strong>Gratian</strong></span> <span class='ocrx_word' id='word_1_183' title='bbox 404 1825 440 1856; x_wconf 90' lang='lat' dir='ltr'><strong>in</strong></span> <span class='ocrx_word' id='word_1_184' title='bbox 472 1825 538 1857; x_wconf 83' lang='lat'><strong>382</strong></span> <span class='ocrx_word' id='word_1_185' title='bbox 570 1824 642 1857; x_wconf 89' lang='lat' dir='ltr'><strong>had</strong></span> <span class='ocrx_word' id='word_1_186' title='bbox 673 1825 896 1868; x_wconf 73' lang='lat' dir='ltr'><strong>disendowed</strong></span> <span class='ocrx_word' id='word_1_187' title='bbox 927 1825 988 1858; x_wconf 80' lang='lat' dir='ltr'><strong>the</strong></span> <span class='ocrx_word' id='word_1_188' title='bbox 1019 1825 1166 1868; x_wconf 80' lang='lat' dir='ltr'><strong>priestly</strong></span> <span class='ocrx_word' id='word_1_189' title='bbox 1197 1825 1355 1868; x_wconf 69' lang='lat' dir='ltr'><strong>collegas,</strong></span> 
     </span>
     <span class='ocr_line' id='line_1_28' title="bbox 140 1867 1356 1912; baseline 0.002 -13"><span class='ocrx_word' id='word_1_190' title='bbox 140 1867 373 1910; x_wconf 81' lang='lat' dir='ltr'><strong>Symmachus</strong></span> <span class='ocrx_word' id='word_1_191' title='bbox 404 1869 458 1908; x_wconf 93' lang='lat' dir='ltr'><strong>(ll</strong></span> <span class='ocrx_word' id='word_1_192' title='bbox 476 1868 528 1909; x_wconf 87' lang='lat' dir='ltr'><strong>ff.)</strong></span> <span class='ocrx_word' id='word_1_193' title='bbox 559 1872 713 1911; x_wconf 78' lang='lat' dir='ltr'><strong>protests</strong></span> <span class='ocrx_word' id='word_1_194' title='bbox 743 1872 837 1901; x_wconf 81' lang='lat' dir='ltr'><strong>most</strong></span> <span class='ocrx_word' id='word_1_195' title='bbox 867 1869 1096 1912; x_wconf 82' lang='lat' dir='ltr'><strong>particularly</strong></span> <span class='ocrx_word' id='word_1_196' title='bbox 1125 1870 1264 1912; x_wconf 75' lang='lat' dir='ltr'><strong>against</strong></span> <span class='ocrx_word' id='word_1_197' title='bbox 1293 1869 1356 1903; x_wconf 82' lang='lat' dir='ltr'><strong>the</strong></span> 
     </span>
     <span class='ocr_line' id='line_1_29' title="bbox 139 1911 1356 1956; baseline 0.002 -13"><span class='ocrx_word' id='word_1_198' title='bbox 139 1911 209 1944; x_wconf 87' lang='lat' dir='ltr'><strong>loss</strong></span> <span class='ocrx_word' id='word_1_199' title='bbox 230 1912 271 1944; x_wconf 88' lang='lat' dir='ltr'><strong>of</strong></span> <span class='ocrx_word' id='word_1_200' title='bbox 287 1915 437 1954; x_wconf 78' lang='lat' dir='ltr'><strong>support</strong></span> <span class='ocrx_word' id='word_1_201' title='bbox 457 1913 528 1944; x_wconf 92' lang='lat' dir='ltr'><strong>and</strong></span> <span class='ocrx_word' id='word_1_202' title='bbox 549 1912 734 1955; x_wconf 83' lang='lat' dir='ltr'><strong>privileges</strong></span> <span class='ocrx_word' id='word_1_203' title='bbox 755 1913 804 1955; x_wconf 89' lang='lat' dir='ltr'><strong>by</strong></span> <span class='ocrx_word' id='word_1_204' title='bbox 824 1913 885 1945; x_wconf 81' lang='lat' dir='ltr'><strong>the</strong></span> <span class='ocrx_word' id='word_1_205' title='bbox 907 1913 1027 1946; x_wconf 60' lang='lat' dir='ltr'><strong>Vestal</strong></span> <span class='ocrx_word' id='word_1_206' title='bbox 1048 1913 1197 1956; x_wconf 86' lang='lat' dir='ltr'><strong>Virgins.</strong></span> <span class='ocrx_word' id='word_1_207' title='bbox 1245 1913 1356 1946; x_wconf 78' lang='lat' dir='ltr'><strong>These</strong></span> 
     </span>
     <span class='ocr_line' id='line_1_30' title="bbox 140 1956 1356 1999; baseline 0.002 -12"><span class='ocrx_word' id='word_1_208' title='bbox 140 1966 228 1988; x_wconf 85' lang='lat' dir='ltr'><strong>were</strong></span> <span class='ocrx_word' id='word_1_209' title='bbox 242 1956 295 1987; x_wconf 90' lang='lat' dir='ltr'><strong>six</strong></span> <span class='ocrx_word' id='word_1_210' title='bbox 310 1957 346 1987; x_wconf 93' lang='lat' dir='ltr'><strong>in</strong></span> <span class='ocrx_word' id='word_1_211' title='bbox 360 1956 509 1988; x_wconf 88' lang='lat' dir='ltr'><strong>number</strong></span> <span class='ocrx_word' id='word_1_212' title='bbox 522 1957 593 1989; x_wconf 90' lang='lat' dir='ltr'><strong>and</strong></span> <span class='ocrx_word' id='word_1_213' title='bbox 607 1956 700 1989; x_wconf 77' lang='lat' dir='ltr'><strong>their</strong></span> <span class='ocrx_word' id='word_1_214' title='bbox 713 1956 808 1990; x_wconf 86' lang='lat' dir='ltr'><strong>chief</strong></span> <span class='ocrx_word' id='word_1_215' title='bbox 817 1957 909 1999; x_wconf 80' lang='lat' dir='ltr'><strong>duty</strong></span> <span class='ocrx_word' id='word_1_216' title='bbox 922 1968 993 1990; x_wconf 86' lang='lat' dir='ltr'><strong>was</strong></span> <span class='ocrx_word' id='word_1_217' title='bbox 1006 1961 1045 1990; x_wconf 76' lang='lat' dir='ltr'><strong>to</strong></span> <span class='ocrx_word' id='word_1_218' title='bbox 1059 1958 1145 1990; x_wconf 78' lang='lat' dir='ltr'><strong>tend</strong></span> <span class='ocrx_word' id='word_1_219' title='bbox 1159 1958 1220 1991; x_wconf 80' lang='lat' dir='ltr'><strong>the</strong></span> <span class='ocrx_word' id='word_1_220' title='bbox 1233 1957 1356 1990; x_wconf 84' lang='lat' dir='ltr'><strong>sacred</strong></span> 
     </span>
     <span class='ocr_line' id='line_1_31' title="bbox 139 1999 1354 2043; baseline 0.003 -12"><span class='ocrx_word' id='word_1_221' title='bbox 139 1999 200 2032; x_wconf 87' lang='lat' dir='ltr'><strong>fire</strong></span> <span class='ocrx_word' id='word_1_222' title='bbox 226 2010 271 2032; x_wconf 91' lang='lat' dir='ltr'><strong>on</strong></span> <span class='ocrx_word' id='word_1_223' title='bbox 296 2000 357 2032; x_wconf 81' lang='lat' dir='ltr'><strong>the</strong></span> <span class='ocrx_word' id='word_1_224' title='bbox 384 2000 404 2013; x_wconf 87' lang='lat'><strong>“</strong></span> <span class='ocrx_word' id='word_1_225' title='bbox 420 2000 547 2032; x_wconf 81' lang='lat' dir='ltr'><strong>hearth</strong></span> <span class='ocrx_word' id='word_1_226' title='bbox 562 2000 582 2014; x_wconf 94' lang='lat'><strong>”</strong></span> <span class='ocrx_word' id='word_1_227' title='bbox 608 2001 649 2032; x_wconf 92' lang='lat' dir='ltr'><strong>of</strong></span> <span class='ocrx_word' id='word_1_228' title='bbox 668 2001 730 2033; x_wconf 78' lang='lat' dir='ltr'><strong>the</strong></span> <span class='ocrx_word' id='word_1_229' title='bbox 755 2004 847 2033; x_wconf 81' lang='lat' dir='ltr'><strong>state</strong></span> <span class='ocrx_word' id='word_1_230' title='bbox 872 2002 908 2033; x_wconf 88' lang='lat' dir='ltr'><strong>in</strong></span> <span class='ocrx_word' id='word_1_231' title='bbox 932 2001 994 2034; x_wconf 79' lang='lat' dir='ltr'><strong>the</strong></span> <span class='ocrx_word' id='word_1_232' title='bbox 1019 2001 1149 2043; x_wconf 80' lang='lat' dir='ltr'><strong>temple</strong></span> <span class='ocrx_word' id='word_1_233' title='bbox 1173 2001 1214 2034; x_wconf 84' lang='lat' dir='ltr'><strong>of</strong></span> <span class='ocrx_word' id='word_1_234' title='bbox 1233 2001 1354 2035; x_wconf 77' lang='lat' dir='ltr'><strong>Vesta.</strong></span> 
     </span>
     <span class='ocr_line' id='line_1_32' title="bbox 140 2043 1354 2088; baseline 0.002 -13"><span class='ocrx_word' id='word_1_235' title='bbox 140 2043 224 2075; x_wconf 88' lang='lat' dir='ltr'><strong>This</strong></span> <span class='ocrx_word' id='word_1_236' title='bbox 246 2054 328 2086; x_wconf 88' lang='lat' dir='ltr'><strong>goes</strong></span> <span class='ocrx_word' id='word_1_237' title='bbox 351 2044 442 2077; x_wconf 86' lang='lat' dir='ltr'><strong>back</strong></span> <span class='ocrx_word' id='word_1_238' title='bbox 464 2048 502 2077; x_wconf 79' lang='lat' dir='ltr'><strong>to</strong></span> <span class='ocrx_word' id='word_1_239' title='bbox 525 2055 610 2087; x_wconf 86' lang='lat' dir='ltr'><strong>very</strong></span> <span class='ocrx_word' id='word_1_240' title='bbox 634 2045 775 2077; x_wconf 81' lang='lat' dir='ltr'><strong>ancient</strong></span> <span class='ocrx_word' id='word_1_241' title='bbox 797 2045 920 2084; x_wconf 79' lang='lat' dir='ltr'><strong>times3</strong></span> <span class='ocrx_word' id='word_1_242' title='bbox 955 2045 992 2077; x_wconf 90' lang='lat' dir='ltr'><strong>in</strong></span> <span class='ocrx_word' id='word_1_243' title='bbox 1015 2056 1036 2078; x_wconf 89' lang='lat' dir='ltr'><strong>a</strong></span> <span class='ocrx_word' id='word_1_244' title='bbox 1059 2046 1238 2088; x_wconf 84' lang='lat' dir='ltr'><strong>primitive</strong></span> <span class='ocrx_word' id='word_1_245' title='bbox 1262 2055 1354 2078; x_wconf 85' lang='lat' dir='ltr'><strong>eom·</strong></span> 
     </span>
    </p>
   </div>
   <div class='ocr_carea' id='block_1_4' title="bbox 142 2107 188 2155">
    <p class='ocr_par' dir='ltr' id='par_1_26' title="bbox 142 2107 188 2155">
     <span class='ocr_line' id='line_1_33' title="bbox 142 2107 188 2155; baseline 0 -11"><span class='ocrx_word' id='word_1_246' title='bbox 142 2107 188 2155; x_wconf 91' lang='lat'><strong>78</strong></span> 
     </span>
    </p>
   </div>
   <div class='ocr_carea' id='block_1_5' title="bbox 1443 0 1456 174">
    <p class='ocr_par' dir='ltr' id='par_1_27' title="bbox 1443 0 1456 174">
     <span class='ocr_line' id='line_1_34' title="bbox 1443 0 1456 174; textangle 90"><span class='ocrx_word' id='word_1_247' title='bbox 1452 163 1456 174; x_wconf 86' lang='lat'><strong>..</strong></span> <span class='ocrx_word' id='word_1_248' title='bbox 1443 0 1456 138; x_wconf 58' lang='lat' dir='ltr'><strong>..we—hs:-</strong></span> 
     </span>
    </p>
   </div>
  </div>
 </body>
</html>
