1456 2358
194 2114 265 2151 180

607 127 969 171 PRUDENTIUS

285 239 473 292 pulvinar
491 244 539 277 ut
557 240 743 276 nostrum
761 249 887 274 manu

287 295 532 333 abomineris
550 298 739 345 tangere,

339 348 489 387 saltem
506 347 687 386 latentes
706 347 879 397 paginas

287 403 494 454 librosque
513 407 679 453 opertos
698 401 865 451 detege,

288 472 370 510 quo
388 462 503 497 secta
521 470 693 508 pravum
712 456 917 493 seminans

287 515 404 552 iustis
423 516 631 550 cremetur
648 507 854 561 ignibus.”

338 566 402 605 his
420 571 579 618 martyr
597 564 748 603 auditis
767 565 848 602 ait:

290 621 312 636 “
332 634 457 673 quem
475 626 537 665 tu,
555 619 751 671 maligne,
769 618 952 670 mysticis

288 677 489 715 minitaris
507 677 648 726 ignem
665 674 829 718 litteris,

289 730 480 783 flagrabis
497 732 586 781 ipse
604 729 682 767 hoc
699 730 858 767 iustius,

339 783 565 836 romphaea
583 796 679 821 nam
698 781 938 820 caelestium

288 839 439 879 vindex
460 840 539 877 erit
556 837 810 876 voluminum

289 896 398 933 tanti
416 895 564 931 veneni
582 895 855 943 interpretem

287 949 472 1001 linguam
490 960 687 999 perurens
706 945 891 984 fulmine.

340 1003 454 1042 vides
473 1001 632 1040 favillas
650 1000 805 1039 indices

290 1059 608 1097 Gomorreorum
621 1057 856 1105 criminum,

290 1112 503 1151 Sodomita
520 1124 597 1150 nec
613 1110 721 1148 latet
739 1111 853 1155 cinis,

289 1169 409 1206 testis
428 1168 619 1218 perennis
638 1164 805 1202 funeris.

343 1220 556 1272 exemplar
572 1219 664 1265 hoc,
683 1231 865 1270 serpens,
884 1222 1005 1256 tuum
1024 1221 1102 1261 est,

290 1276 419 1329 fuligo
438 1289 563 1327 quem
581 1288 677 1312 mox
697 1272 900 1325 sulphuris

290 1332 481 1370 bitumen
501 1335 545 1368 et
562 1332 740 1367 mixtum
759 1330 849 1379 pice

290 1389 373 1424 imo
391 1384 648 1436 inplicabunt
665 1380 878 1420 Tartaro.”

342 1439 405 1478 his
424 1443 663 1491 persecutor
681 1439 840 1475 saucius

291 1494 436 1547 pallet,
454 1494 649 1538 rubescit,
668 1496 833 1530 aestuat

292 1552 437 1588 insana
454 1554 651 1599 torquens
669 1546 839 1590 lumina,

293 1616 542 1656 spumasque
561 1601 755 1640 frendens
775 1601 920 1652 egerit.

345 1664 436 1696 tum
454 1657 606 1696 deinde
625 1660 842 1694 cunctatus
860 1654 931 1692 diu

293 1713 502 1752 decernit:
536 1710 559 1724 “
579 1716 768 1750 extrema
786 1711 969 1748 omnium

293 1770 394 1820 igni,
411 1767 587 1818 grabato
606 1771 650 1803 et
667 1764 871 1802 lamminis

297 1826 540 1860 exerceatur
559 1817 788 1871 quaestio.''

346 1875 449 1914 haec
466 1874 537 1913 ille
556 1887 646 1913 sese
666 1873 719 1912 ad
738 1885 909 1911 munera

294 1930 427 1983 gradu
446 1932 574 1968 citato
592 1930 765 1980 proripit

295 1989 486 2037 ipsosque
506 1986 651 2035 pernix
670 1982 823 2035 gaudio

295 2052 455 2092 poenae
474 2040 680 2077 ministros
699 2038 925 2089 praevenit.

1279 285 1394 326 «180

1318 558 1393 598 185

1319 831 1394 871 190

1320 1105 1395 1144 195

1319 1377 1397 1417 200

1321 1651 1398 1697 205

1325 1923 1402 1963 210
