1456 2358
599 129 960 171 PRUDENTIUS

171 237 236 275 hie
255 237 337 276 duo
355 251 623 289 purpureum,
644 237 812 276 Domini
830 251 904 289 pro
923 239 1089 276 nomine
1108 239 1231 285 caesi,

223 295 468 344 martyrium
486 292 657 343 pulchra
675 298 810 331 morte
829 292 963 331 tulere
982 295 1069 331 viri.

171 347 236 385 hic
256 349 383 385 etiam
402 347 558 399 liquido
578 346 669 385 fluit
687 347 948 400 indulgentia
966 346 1084 386 fonte
1358 350 1383 390 5

223 415 270 440 ac
289 408 452 440 veteres
471 402 652 440 maculas
671 402 793 440 diluit
812 415 932 440 amne
952 415 1070 441 novo.

170 459 240 508 qui
259 459 374 508 cupit
393 462 611 496 aeternum
630 457 734 495 caeli
752 457 1027 495 conscendere
1045 470 1235 509 regnum,

220 511 300 550 huc
319 513 460 550 veniat
478 514 636 558 sitiens,
656 524 752 550 ecce
771 517 918 563 parata
936 514 1002 550 via
1021 517 1098 550 est.

169 571 267 604 ante
287 568 471 605 coronati
490 566 746 605 scandebant
765 566 894 604 ardua
912 572 1043 605 testes

220 623 339 667 atria,
359 635 468 659 nunc
486 621 598 659 lotae
617 621 727 659 celsa
744 626 897 673 petunt
917 624 1091 659 animae.
1333 624 1382 663 10

167 674 341 727 Spiritus
362 681 532 714 aeterno
551 675 566 700 1
587 675 730 714 solitus
750 676 1002 714 descendere
1020 675 1151 727 lapsu,

219 736 267 769 ut
286 731 461 769 dederat
478 730 674 782 palmam,
694 733 751 769 sic
769 731 917 769 tribuit
935 733 1111 769 veniam.

166 784 305 824 haurit
323 791 436 824 terra
454 799 588 824 sacros
608 791 682 824 aut
700 785 816 824 fonte
837 791 910 823 aut
929 788 1129 838 sanguine
1148 799 1259 824 rores

220 840 489 892 exundatque
509 853 583 879 suo
601 842 755 892 iugiter
774 840 857 878 uda
876 840 981 878 Deo.

166 897 254 946 ipse
269 895 347 933 loci
364 901 428 934 est
443 895 634 934 dominus
649 895 828 933 laterum
843 897 909 933 cui
924 894 1093 934 vulnere
1109 900 1286 948 utroque
1332 898 1380 937 15
1401 923 1405 935 .

217 949 312 988 hinc
331 963 450 988 cruor
469 948 620 988 effusus
639 948 760 988 fluxit
779 955 823 988 et
841 949 939 988 inde
956 949 1085 988 latex.

165 1004 276 1043 ibitis
296 1004 404 1050 hinc,
424 1010 472 1043 ut
491 1007 665 1056 quisque
683 1010 839 1056 potest,
857 1018 933 1056 per
951 1004 1121 1043 vulnera
1139 1004 1292 1044 Christi

218 1065 385 1098 evectus
405 1059 553 1112 gladiis
572 1059 678 1098 alter
698 1064 742 1098 et
761 1059 867 1098 alter
886 1062 1014 1111 aquis.

739 1326 799 1364 IX

280 1422 422 1462 PAssm
450 1423 599 1462 SANCTI
627 1423 821 1476 CAssmNr
846 1424 1257 1464 FonoconNEmENsm.

163 1503 292 1543 SYLLA
311 1503 462 1542 Forum
481 1506 631 1542 statuit
650 1503 886 1550 Cornelius;
918 1503 996 1542 hoc
1015 1504 1112 1543 Itali
1129 1505 1275 1544 urbem

215 1564 365 1597 vocant
384 1559 437 1597 ab
455 1561 544 1610 ipso
564 1558 785 1597 conditoris
804 1561 983 1597 nomine.

162 1613 228 1652 hic
246 1613 361 1659 mihi,
380 1627 474 1651 cum
493 1619 683 1665 peterem
702 1619 761 1659 te,
780 1627 918 1652 rerum
936 1617 1118 1653 maxima
1136 1614 1282 1662 Roma,

214 1681 307 1720 spes
328 1674 392 1706 est
411 1669 558 1707 oborta
575 1681 818 1720 prosperum
837 1668 1047 1708 Christum
1065 1668 1167 1708 fore.

161 1728 315 1762 stratus
334 1722 449 1761 humi
468 1723 628 1761 tumulo
647 1723 908 1769 advolvebar,
928 1737 1053 1775 quem
1071 1737 1187 1763 sacer
1205 1730 1325 1764 ornat
1351 1727 1376 1766 5

212 1783 371 1830 martyr
389 1778 527 1816 dicato
547 1777 764 1816 Cassianus
783 1791 965 1830 corpore.

208 1856 222 1876 1
246 1855 293 1889 So
319 1855 520 1898 Beryman's
547 1855 656 1889 MSS.
685 1857 812 1898 (except
838 1856 909 1889 that
933 1856 1039 1890 ABU
1063 1867 1123 1890 are
1148 1858 1299 1900 wantinq
1319 1858 1380 1902 sor

160 1900 228 1933 this
242 1902 371 1942 poem).
417 1900 554 1933 Dresael
575 1899 647 1932 and
667 1911 759 1933 some
776 1900 898 1933 earlier
919 1901 1043 1934 editors
1058 1901 1141 1934 read
1157 1902 1323 1936 aethereo
1341 1912 1380 1936 or

160 1944 317 1977 aetherio
328 1943 423 1986 from
439 1943 567 1976 certain
583 1944 676 1976 other
691 1943 800 1977 MSS.

385 2054 400 2070 ⁶
424 2049 625 2083 Emeterius
641 2050 713 2084 and
729 2049 966 2084 Chelidonias.
1014 2051 1068 2095 Cf.
1086 2051 1116 2086 Ι.

161 2125 234 2152 220
