1456 2358
167 2111 236 2156 148

597 128 958 169 PRUDENTIUS

275 235 386 274 idola
404 241 571 287 protero
589 236 666 274 sub
685 235 874 287 pedibus,

276 296 445 341 pectore
466 296 509 329 et
527 303 598 329 ore
618 290 758 328 Deum
777 289 923 329 fateor.

329 344 418 391 Isis,
437 344 602 396 Apollo,
620 344 760 383 Venus
779 344 881 383 nihil
900 350 978 391 est,

277 399 557 437 Maximianus
578 405 622 437 et
640 402 727 451 ipse
747 399 870 437 nihil:

274 453 346 492 illa
363 453 478 500 nihil,
497 456 594 505 quia
612 452 724 492 facta
742 467 881 499 manu,

274 508 341 546 hic
359 521 558 546 manuum
577 510 674 560 quia
692 507 804 546 facta
822 508 934 554 colit,

275 561 420 601 frivola
437 568 615 615 utraque
635 568 679 601 et
697 568 874 614 utraque
894 562 1008 601 nihil.

329 616 623 663 Maximianus,
642 630 768 669 opum
786 617 975 656 dominus

276 678 320 710 et
338 677 482 710 tamen
499 674 588 724 ipse
607 671 734 710 cliens
751 671 951 723 lapidum,

275 729 500 778 prostituat
518 732 750 778 voveatque
770 729 852 765 suis

275 782 510 820 numinibus
530 786 656 833 caput
674 783 762 833 ipse
781 794 925 819 suum:

274 841 444 888 pectora
462 849 534 874 cur
551 849 754 889 generosa
772 836 937 888 quatit?

326 890 412 928 dux
429 891 576 937 bonus,
597 891 752 929 arbiter
771 893 976 942 egregius,

274 947 475 997 sanguine
493 947 676 997 pascitur
693 947 883 990 innocuo,

273 1000 593 1051 corporibusque
612 1002 689 1051 piis
708 999 869 1037 inhians

273 1056 429 1093 viscera
448 1055 583 1092 sobria
600 1054 814 1100 dilacerat,

273 1109 432 1162 gaudet
452 1115 496 1147 et
516 1111 749 1147 excruciare
770 1108 907 1147 fidem.

327 1177 426 1216 ergo
446 1176 539 1215 age,
557 1169 704 1209 tortor,
723 1163 865 1209 adure,
884 1176 992 1210 seca,

274 1218 411 1256 divide
430 1218 618 1256 membra
636 1223 780 1256 coacta
796 1217 898 1256 luto.

273 1272 430 1311 solvere
450 1286 538 1310 rem
557 1271 746 1325 fragilem
765 1271 884 1310 facile
905 1278 992 1311 est:

273 1341 356 1366 non
374 1327 663 1379 penetrabitur
680 1328 851 1365 interior

274 1383 517 1434 exagitante
536 1381 676 1420 dolore
697 1380 899 1419 animus.”

325 1436 478 1474 talibus
498 1438 657 1474 excitus
675 1438 718 1474 in
737 1434 862 1474 furias

271 1496 440 1542 praetor
458 1493 539 1529 ait:
574 1489 597 1504 “
616 1503 717 1542 rape
735 1492 1021 1542 praecipitem,

271 1544 404 1591 lictor,
425 1550 469 1584 et
487 1545 615 1583 obrue
634 1545 854 1597 suppliciis.

272 1602 428 1638 sentiat
447 1613 537 1638 esse
556 1599 655 1638 deos
674 1601 829 1651 patrios

272 1668 349 1693 nec
367 1654 458 1692 leve
476 1656 669 1706 principis
688 1656 920 1706 imperium.

325 1722 450 1761 quam
468 1722 663 1760 cuperem
682 1714 826 1747 tamen
845 1714 943 1747 ante
963 1722 1123 1755 necem,

272 1766 305 1802 si
324 1765 432 1815 potis
453 1769 530 1809 est,
549 1776 741 1801 revocare
760 1769 891 1809 tuam,

271 1824 389 1856 torva
406 1817 604 1869 puellula,
623 1819 865 1870 nequitiam.

271 1875 428 1924 respice
446 1872 600 1924 gaudia
619 1878 775 1924 quanta
793 1878 942 1919 metas,

261 1940 379 1978 ‘quae
398 1927 475 1965 tibi
493 1926 576 1965 fert
593 1926 767 1979 genialis
785 1926 926 1966 honor.

322 1987 366 2020 te
385 1980 560 2020 lacrimis
579 1980 787 2019 labefacta
805 1981 950 2020 domus

270 2038 532 2088 prosequitur
549 2037 797 2088 generisque
816 2038 879 2074 tui

1333 279 1441 353 75

1331 813 1386 878 85

1331 1384 1383 1424 95

1305 1657 1381 1696 100

1302 1929 1378 1969 105
