1456 2358
179 2117 252 2168 236

602 143 964 185 PRUDENTIUS

279 248 429 301 dignus
448 250 585 288 subire
605 256 769 296 cuncta,
787 253 821 289 si
839 264 907 290 me
926 251 1117 298 consulis,

280 317 567 356 quaecumque
586 310 724 343 vestra
741 307 907 344 iusserit
925 306 1159 345 crudelitas.
1316 309 1391 348 100

330 360 485 397 intrare
505 362 630 397 servis
649 360 853 398 idolorum
872 374 919 399 ac
938 361 1188 400 daemonum

279 418 467 451 sanctam
485 414 629 452 salutis
648 428 731 453 non
749 414 847 453 licet
866 421 1031 454 nostrae
1051 415 1234 462 domum,

279 480 332 505 ne
351 467 562 519 polluatur
579 482 706 520 purus
725 469 869 507 orandi
887 469 1022 515 locus3

279 522 441 560 confido
460 522 612 562 Sancto
630 526 673 561 in
692 523 846 575 Spiritu
866 538 1093 576 numquam
1111 525 1190 563 tibi

280 576 464 615 dandum
483 583 532 615 ut
550 578 722 616 beatum
740 578 867 616 limen
887 582 1069 631 attingas
1088 580 1211 631 pede,
1316 582 1391 622 105

331 633 408 669 nisi
428 631 535 670 forte
555 638 696 671 noster
714 632 848 671 factus
867 636 911 671 in
929 640 1116 672 nostrum
1134 647 1307 687 gregem

279 698 466 724 mereare
485 689 606 732 sumi,
626 687 737 738 quod
757 686 882 726 Pater
901 687 1007 727 faxit
1027 687 1185 727 Deus.’'

279 742 470 779 incensus
489 740 552 779 his
571 741 839 793 Asclepiades
858 745 1035 781 iusserat

281 796 593 834 eviscerandum
611 810 757 848 corpus
778 797 920 835 eculeo
940 800 1101 836 eminus

279 850 464 901 pendere
484 856 529 889 et
547 853 661 889 uncis
680 851 935 903 vinculisque
955 865 1150 891 crescere.
1317 855 1392 894 110

333 907 588 956 apparitores
608 905 683 944 sed
701 904 856 944 furenti
876 913 1107 959 suggerunt

279 958 398 997 illum
418 965 584 998 vetusta
602 960 783 999 nobilem
802 964 993 1012 prosapia

281 1016 523 1066 meritisque
542 1014 683 1053 multis
703 1028 793 1053 esse
812 1018 991 1067 primum
1009 1018 1171 1055 civium.

281 1069 399 1106 iubet
418 1072 599 1107 amoveri
618 1069 825 1108 noxialem
843 1073 1045 1122 stipitem,

280 1122 446 1174 plebeia
464 1123 620 1162 clarum
638 1138 774 1175 poena
791 1138 845 1163 ne
864 1125 1038 1164 damnet
1055 1127 1200 1164 virum.
1318 1127 1392 1168 115

282 1176 305 1191 ‘⁴
325 1177 569 1223 tundatur,''
588 1181 738 1230 inquit,
759 1178 781 1192 “
802 1185 922 1231 terga
940 1179 1092 1218 crebris
1110 1181 1261 1220 ictibus

280 1231 534 1284 plumboque
554 1235 691 1271 cervix
710 1234 930 1272 verberata
949 1235 1186 1275 extuberet.

281 1299 457 1338 persona
476 1300 667 1339 quaeque
687 1293 962 1340 conpetenter
979 1288 1178 1340 plectitur

282 1343 506 1393 magnique
524 1341 654 1380 refert
673 1342 762 1381 vilis
782 1356 835 1380 an
854 1345 907 1381 sit
926 1343 1097 1389 nobilis3

282 1396 414 1447 gradu
434 1409 597 1434 reorum
616 1395 748 1435 forma
767 1400 984 1436 tormentis
1003 1397 1170 1437 datur.”
1318 1400 1394 1440 120

334 1450 521 1502 pulsatus
541 1463 640 1503 ergo
659 1457 817 1504 martyr
834 1451 907 1490 illa
924 1452 1126 1504 grandine

282 1510 505 1556 postquam
523 1508 633 1544 inter
651 1508 757 1544 ictus
776 1506 884 1545 dixit
902 1506 1104 1559 hymnum
1122 1507 1356 1559 plumbeos,

284 1565 446 1598 erectus
465 1559 580 1598 infit:
615 1559 638 1573 “
659 1561 767 1599 absit
786 1567 834 1600 ut
851 1574 919 1599 me
939 1561 1121 1600 nobilem

283 1616 449 1666 sanguis
468 1620 690 1666 parentum
709 1621 896 1666 praestet
916 1621 989 1654 aut
1007 1615 1075 1654 lex
1094 1618 1255 1656 curiae:

282 1682 485 1720 generosa
503 1668 655 1707 Christi
674 1675 789 1708 secta
807 1670 1002 1709 nobilitat
1020 1673 1138 1709 viros.
1320 1673 1394 1713 125

334 1725 368 1761 si
386 1726 519 1775 prima
537 1726 686 1762 nostris
706 1737 813 1776 quae
833 1727 887 1763 sit
904 1725 1161 1764 incunabulis

283 1780 398 1830 origo
417 1783 540 1816 textu
559 1781 792 1817 stemmatis
811 1792 1042 1825 recenseaS,

284 1832 366 1870 Dei
385 1834 569 1884 parentis
590 1845 679 1871 esse
699 1834 752 1871 ab
771 1847 841 1872 ore
861 1836 1083 1885 coepimus.

283 1889 349 1924 cui
368 1889 542 1938 quisque
561 1890 701 1933 servit,
720 1887 789 1926 ille
809 1901 905 1926 vere
925 1893 990 1927 est
1008 1888 1178 1928 nobilis:

283 1944 392 1992 patri
411 1941 577 1980 rebellis
595 1943 804 1981 invenitur
822 1943 1018 1994 degener.
1319 1946 1395 1984 130

335 1994 465 2035 honos
484 1995 635 2036 deinde
655 2000 868 2035 stemmati
887 1997 1048 2036 accedit
1067 2011 1194 2037 novus
1396 1998 1407 2009 ⁸
