1456 2358
574 118 938 160 PRUDENTIUS

144 225 358 264 incestabo
378 230 504 271 toros,
523 238 685 264 sacrum
703 225 870 264 calcabo
889 226 1105 278 pudorem,

144 287 354 327 infitiabor
371 288 529 326 habens
549 288 717 340 aliquod
736 291 824 327 sine
842 294 954 328 teste
973 291 1194 342 propinqui

144 350 395 402 depositum,
414 357 563 390 tenues
584 351 726 390 avidus
746 351 930 404 spoliabo
949 352 1138 399 clientes,
1294 353 1369 394 175

143 413 390 465 longaevam
408 416 611 465 perimam
629 416 791 466 magico
810 417 1046 454 cantamine
1065 418 1245 454 matrem

144 476 303 528 (tardat
323 490 424 515 anus
443 477 658 515 dominum
677 477 808 516 dilata
825 483 961 516 morte
979 477 1225 531 secundum)

144 552 221 578 nec
240 538 415 578 formido
434 539 602 578 malum.
656 539 857 579 falluntur
874 540 1040 592 publica
1058 543 1171 586 iura3

144 601 212 639 lex
232 608 394 640 armata
411 602 546 648 sedet,
566 603 641 641 sed
660 605 792 642 nescit
811 606 967 641 crimen
985 609 1202 655 opertum3

145 671 232 711 aut,
251 667 285 703 si
304 678 368 703 res
387 671 549 717 pateat,
568 665 694 704 iudex
714 669 989 718 corrumpitur
1008 679 1120 705 auro.
1296 667 1370 706 180

143 741 236 765 rara
254 741 345 766 reos
364 731 474 766 iusta
493 728 684 780 percellit
702 742 838 780 poena
856 732 1001 768 securi.

143 791 218 829 sed
238 791 338 842 quid
353 804 431 843 ego
446 791 549 830 haec
564 792 770 830 meditor?
800 798 968 830 revocat
983 792 1100 831 Deus
1115 804 1211 831 ecce
1226 804 1371 830 severa

143 856 365 892 maiestate
384 856 540 900 minax,
558 860 687 906 negat
705 857 925 893 interitura
942 868 1131 894 meorum

144 930 218 968 per
250 923 429 955 mortem
461 922 733 957 monumenta
765 931 950 970 operum.
1007 917 1029 931 ‘⁶
1049 931 1133 956 non
1165 916 1371 963 occidet,”

247 982 398 1031 inquit,

143 1041 166 1054 ‘⁶
186 1045 357 1081 interior
374 1045 445 1094 qui
461 1045 590 1094 spirat
606 1043 753 1089 homo3
783 1043 872 1082 luet
887 1043 958 1082 ille
973 1056 1157 1096 perenne
1295 1044 1368 1084 185

144 1105 390 1157 supplicium
411 1106 522 1157 quod
541 1106 748 1144 subiectos
768 1106 877 1145 male
896 1109 1052 1145 rexerit
1072 1112 1198 1146 artus.

144 1181 220 1206 nec
239 1168 339 1206 mihi
358 1168 521 1207 difficile
542 1175 607 1207 est
624 1169 825 1220 liquidam
844 1169 1097 1208 circumdare
1117 1168 1291 1208 flammis

143 1237 358 1276 naturam3
393 1234 579 1283 quamvis
598 1231 821 1283 perflabilis
840 1232 912 1270 illa
931 1231 1090 1271 feratur

143 1307 257 1332 more
277 1297 379 1340 noti,
399 1297 561 1346 capiam
579 1300 723 1333 tamen
743 1300 787 1333 et
806 1300 1017 1334 tormenta
1036 1295 1244 1334 adhibebo

98 1349 101 1350 ⁷
142 1360 230 1408 ipse
250 1360 513 1409 incorporeus
534 1371 581 1396 ac
600 1360 820 1409 spirituum
839 1364 951 1397 sator
970 1371 1090 1397 unus.
1294 1360 1370 1398 190

143 1423 243 1471 quin
263 1426 307 1459 et
326 1421 563 1472 corporibus
581 1420 721 1472 parilis
740 1424 945 1460 consortia
963 1434 1124 1473 poenae

143 1483 378 1529 decernam,
398 1497 565 1535 possum
585 1486 781 1535 quoniam
799 1497 998 1523 renovare
1017 1483 1177 1523 favillas

143 1548 359 1598 antiquam
377 1549 420 1584 in
439 1545 604 1593 faciem,
623 1560 701 1586 nec
719 1546 980 1599 desperanda
997 1553 1184 1599 potestas
1199 1560 1208 1584 z

143 1611 214 1660 qui
233 1611 351 1660 potui
371 1608 548 1647 formare
568 1623 735 1656 novum,
753 1610 956 1662 reparabo
974 1615 1252 1662 peremptum.

143 1685 225 1709 non
245 1672 397 1710 desunt
417 1672 610 1724 exempla
629 1685 749 1711 meae
768 1675 932 1712 virtutis
950 1675 994 1711 in
1012 1675 1110 1724 ipsis
1293 1674 1367 1713 195

143 1735 391 1774 seminibus:
419 1741 569 1774 natura
588 1735 713 1774 docet
730 1738 979 1774 revirescere
998 1741 1148 1774 cuncta

142 1803 237 1848 post
257 1798 429 1836 obitum.
483 1801 688 1836 siccantur
708 1801 819 1837 enim
837 1804 1041 1850 pereunte
1060 1800 1200 1850 vigore

143 1873 225 1911 quo
245 1862 384 1898 vixere
404 1862 538 1912 prius:
573 1867 673 1899 tunc
692 1864 799 1900 sicca
818 1867 863 1900 et
881 1867 1045 1905 mortua
1063 1860 1183 1900 sulcis

143 1928 216 1961 aut
235 1922 364 1962 foveis
383 1924 582 1962 mandata
600 1924 736 1963 latent
756 1930 800 1964 et
819 1937 933 1963 more
952 1923 1128 1976 sepulcri

142 1986 291 2024 obruta
311 1986 363 2024 de
384 1986 553 2025 tumulis
573 1987 754 2026 redivivo
772 1989 959 2039 germine
979 1992 1166 2038 surgunt.
1287 1989 1364 2027 200

143 2105 192 2130 20
