1456 2358
609 131 971 173 PRUDENTIUS

339 257 414 294 per
433 242 623 294 fragmen
640 239 744 278 illud
763 244 961 284 testeum,

290 313 371 350 quo
390 303 511 349 parta
529 298 658 334 crevit
677 295 821 347 gloria,

290 359 334 391 et
354 365 478 404 quem
497 356 727 390 trementes
747 350 902 400 posteri
1321 346 1398 386 555

290 406 576 446 exosculamur
594 404 809 449 lectulum,

341 464 537 500 miserere
556 465 790 498 nostrarum
808 471 993 510 precum,

289 517 477 568 placatus
497 521 545 554 ut
564 514 751 553 Christus
770 515 853 551 suis

289 571 462 610 inclinet
481 583 624 608 aurem
642 581 883 621 prosperam

290 639 419 665 noxas
438 638 515 664 nec
534 637 676 663 omnes
695 626 875 674 inputet.
1176 664 1177 668 Ἰ
1324 620 1402 659 560

341 683 376 719 si
394 683 474 719 rite
493 679 737 718 sollemnem
756 677 868 716 diem

291 748 537 774 veneramur
555 747 626 772 ore
647 738 691 771 et
708 738 893 784 pectore,

290 793 324 829 si
343 791 420 829 sub
439 795 607 828 tuorum
625 787 778 840 gaudio

291 847 560 897 vestigiorum
579 845 816 887 sternimur,

342 899 552 951 paulisper
570 897 650 936 huc
668 897 868 941 inlabere,
1325 893 1401 933 565

291 954 444 993 Christi
463 953 647 991 favorem
666 950 872 996 deferens,

292 1022 435 1048 sensus
454 1010 616 1060 gravati
635 1012 683 1045 ut
702 1008 886 1044 sentiant

291 1064 482 1102 levamen
499 1062 800 1114 indulgentiae.

343 1121 400 1157 sic
419 1117 534 1156 nulla
551 1119 635 1155 iam
654 1121 786 1154 restet
804 1127 933 1160 mora,

292 1176 392 1225 quin
412 1175 639 1211 excitatam
657 1170 806 1208 nobilis
1326 1167 1404 1206 570

292 1241 459 1266 carnem
477 1231 663 1265 resumat
681 1227 848 1277 spiritus

292 1285 448 1321 virtute
467 1280 730 1333 perfunctam
748 1281 852 1331 pari,

344 1343 406 1382 ut,
426 1349 534 1388 quae
553 1336 742 1373 laborum
760 1335 968 1385 particeps

292 1404 510 1430 commune
530 1390 750 1429 discrimen
768 1388 882 1434 tulit,

292 1450 346 1485 sit
366 1452 410 1485 et
429 1445 598 1484 coheres
617 1443 774 1496 gloriae
1327 1440 1403 1480 575

293 1503 450 1540 cunctis
469 1503 512 1538 in
532 1513 681 1538 aevum
699 1497 886 1537 saeculis.

765 1647 822 1685 VI

194 1741 375 1779 HvMNus
422 1751 465 1776 IN
512 1737 723 1775 HONOREM
769 1735 1108 1772 BEATlssmossum
1157 1731 1406 1770 MARTYRUM

313 1795 545 1832 Faucwom
579 1792 771 1829 Emscopx
806 1789 1026 1827 EchEsmz:
1055 1787 1406 1832 TARRACONENSIS,

427 1860 478 1886 ET
505 1847 692 1884 Auo-unu
720 1857 771 1883 ΕΤ
798 1844 973 1882 Eunoen
1002 1843 1294 1881 DIACONORUM.

296 1929 421 1966 me
439 1927 630 1970 Tarraco,
651 1924 892 1968 Fructuose,
911 1924 1058 1960 vestris

295 1983 453 2021 attollit
472 1986 598 2032 caput
616 1980 780 2031 ignibus
800 1991 1012 2016 coruscum

296 2037 451 2075 Levitis
471 2037 646 2088 geminis
665 2033 806 2087 procul
824 2032 1024 2071 relucens,

190 2131 260 2159 202
