1456 2358
92 2138 160 2173 124

530 144 891 187 PRUDENTIUS

261 256 354 289 tute
374 253 476 303 ipse,
497 255 568 304 qui
587 253 761 292 Romam
780 257 903 307 regis,

208 311 471 358 contemptor
490 310 650 346 aeterni
671 308 766 354 Dei,

207 359 307 398 dum
327 360 577 400 daemonum
596 362 736 401 sordes
756 363 869 410 colis,

207 415 351 453 morbo
370 415 531 454 laboras
550 419 677 469 regio.

258 469 315 515 hi,
335 483 437 521 quos
456 471 657 523 superbus
677 471 867 524 despicis,

207 537 308 574 quos
329 525 581 564 execrandos
600 527 770 572 iudicas,

206 578 321 616 brevi
340 578 544 618 ulcerosos
564 586 722 619 exuent

206 638 319 671 artus
340 639 384 672 et
401 634 628 673 incolumes
648 642 784 682 erunt,

257 701 351 725 cum
371 701 492 727 carne
512 692 818 741 corruptissima

204 742 376 781 tandem
395 743 520 782 soluti
540 757 586 782 ac
604 744 724 783 liberi

203 796 479 848 pulcherrimo
498 800 609 837 vitae
629 804 742 838 statu

204 853 246 889 in
266 864 358 890 arce
377 851 577 891 lucebunt
596 852 744 900 Patris,

255 920 338 945 non
357 907 556 946 sordidati
576 914 649 947 aut
667 908 841 956 debiles,

204 963 310 999 sicut
328 962 522 1000 videntur
539 965 720 1009 interim,

203 1015 277 1053 sed
294 1017 618 1067 purpurantibus
637 1018 752 1056 stolis

202 1069 300 1108 clari
320 1076 364 1108 et
383 1074 541 1110 coronis
561 1074 707 1111 aureis.

253 1130 367 1170 tune,
386 1127 419 1163 si
438 1125 612 1165 facultas
631 1128 844 1179 subpetat,

203 1192 340 1217 coram
359 1182 442 1218 tuis
461 1181 676 1220 obtutibus

199 1235 299 1272 istos
318 1239 513 1285 potentes
532 1236 686 1274 saeculi

199 1288 323 1326 velim
342 1290 616 1329 recensendos
634 1290 736 1329 dari.

251 1346 397 1394 pannis
416 1344 577 1383 videres
596 1345 750 1384 obsitos

199 1403 243 1435 et
262 1398 533 1437 mucculentis
553 1400 734 1445 naribus,

197 1458 387 1491 mentum
406 1453 541 1492 salivis
561 1454 745 1500 uvidum,

198 1506 414 1558 lipposque
433 1507 632 1559 palpebra
650 1512 774 1560 putri.

249 1567 449 1612 peccante
469 1562 526 1600 nil
545 1569 609 1601 est
628 1566 816 1610 taetrius,

198 1616 255 1654 nil
274 1621 361 1654 tam
380 1616 587 1668 leprosum
607 1624 680 1656 aut
698 1619 914 1669 putidum;

198 1670 325 1709 cruda
343 1676 408 1709 est
426 1673 595 1710 cicatrix
614 1674 830 1712 criminum

197 1725 366 1776 oletque
385 1731 433 1764 ut
452 1731 617 1764 antrum
636 1726 809 1766 Tartari.

250 1780 464 1819 animabus
482 1782 644 1819 inversa
662 1784 749 1820 vice

196 1839 389 1886 corrupta
407 1834 539 1873 forma
556 1835 769 1888 infligitur,

196 1902 298 1940 quas
316 1888 487 1940 pulcher
506 1896 697 1941 aspectus
715 1894 826 1943 prius

194 1945 237 1980 in
256 1956 424 1994 corpore
443 1944 737 1984 oblectaverat.

248 2010 299 2036 en
319 2011 417 2050 ergo
437 2012 625 2038 nummos
645 2013 803 2046 aureos,

194 2065 295 2104 quos
314 2055 498 2104 proxime
518 2054 833 2106 spoponderam,

1242 479 1318 517 265

1239 751 1316 791 270

1236 1024 1313 1065 275

1233 1298 1310 1337 280

1228 1570 1304 1611 285

1227 1843 1304 1883 290
