1456 2358
629 136 992 180 PRUDENTIUS

255 243 477 281 maiestate
494 248 644 294 potens
663 245 986 297 muneribusque
1005 246 1191 299 opulens.

203 304 303 343 ordo
321 304 605 344 columnarum
622 309 812 358 geminus
831 307 1043 360 laquearia
1060 313 1164 350 tecti

254 370 433 407 sustinet
452 371 605 407 auratis
624 373 860 422 suppositus
879 373 1079 412 trabibus.
1339 371 1435 417 220'
1454 366 1456 368 V

202 430 413 469 adduntur
430 432 603 483 graciles
622 438 737 472 tecto
756 434 942 474 breviore
961 449 1160 484 recessus,
1279 446 1283 448 '

253 496 324 545 qui
342 494 522 533 laterum
541 498 691 534 seriem
708 499 862 550 iugiter
881 501 1114 539 exsinuent.

200 562 245 595 at
263 557 421 596 medios
441 561 576 609 aperit
595 564 752 598 tractus
771 562 837 598 via
854 560 977 600 latior
995 562 1070 601 alti

192 639 197 643 -
251 619 438 659 culminis
459 634 684 674 exsurgens
705 623 880 662 editiore
900 627 1029 676 apice.

199 681 335 722 fronte
355 685 431 722 sub
451 684 623 723 adversa
641 686 837 738 gradibus
856 687 1032 727 sublime
1051 689 1234 728 tribunal
1338 692 1414 733 225

250 746 424 793 tollitur,
445 750 618 786 antistes
637 749 851 800 praedicat
870 750 981 789 unde
1001 751 1153 791 Deum.

197 809 321 861 plena
339 810 575 849 laborantes
596 825 721 864 aegre
740 813 887 852 domus
907 817 1058 866 accipit
1076 815 1223 862 undas,

250 879 425 924 artaque
444 873 638 913 confertis
659 881 825 914 aestuat
843 878 886 914 in
905 875 1075 925 foribus,

197 942 434 975 maternum
451 937 637 988 pandens
656 942 875 990 gremium,
895 953 977 991 quo
996 941 1150 981 condat
1168 941 1356 983 alumnos

249 1013 297 1037 ac
316 999 456 1038 foveat
475 999 583 1039 fetos
603 1001 869 1041 adcumulata
886 1006 1129 1045 sinus..
1335 1000 1413 1048 230

196 1064 230 1100 si
248 1063 356 1101 bene
376 1066 652 1111 commemini,
671 1065 770 1104 colit
788 1065 898 1104 hunc
915 1066 1191 1118 pulcherrima
1209 1068 1342 1108 Roma

249 1125 390 1164 Idibus
410 1126 590 1179 Augusti
609 1131 775 1175 mensis,
794 1134 842 1167 ut
860 1132 950 1181 ipsa
968 1137 1089 1170 vocat

194 1191 326 1239 prisco
346 1203 459 1228 more
479 1190 605 1236 diem,
625 1204 751 1243 quem
769 1198 814 1231 te
834 1206 1015 1245 quoque,
1034 1199 1178 1234 sancte
1190 1196 1411 1248 magister,

247 1265 384 1290 annua
402 1252 510 1291 festa
528 1255 638 1292 inter
656 1254 918 1294 dinumerare
936 1256 1073 1295 velim.

194 1315 331 1361 crede,
350 1315 594 1368 salutigeros
613 1316 722 1356 feret
740 1317 806 1356 hic
825 1320 1118 1359 venerantibus
1137 1326 1251 1360 ortus
1330 1323 1410 1364 235

246 1377 346 1417 lucis
365 1378 592 1418 honoratae
611 1383 797 1431 praemia
814 1384 1051 1421 restituens.

192 1443 302 1480 inter
320 1442 539 1481 sollemnes
560 1442 754 1495 Cypriani
773 1444 839 1483 vel
858 1444 1076 1485 Chelidoni

246 1505 518 1557 Eulaliaeque
536 1506 625 1545 dies
645 1513 783 1546 currat
802 1513 846 1547 et
864 1510 944 1547 iste
962 1509 1054 1548 tibi.

192 1570 249 1606 sic
267 1573 312 1606 te
331 1582 404 1619 pro
422 1569 590 1620 populo,
610 1572 724 1608 cuius
743 1571 821 1609 tibi
839 1571 998 1610 credita
1016 1574 1102 1611 vita
1122 1579 1200 1620 est,

245 1637 434 1670 orantem
453 1631 638 1671 Christus
659 1633 802 1673 audiat
821 1637 1106 1687 omnipotens3
1329 1638 1408 1679 240

192 1696 249 1732 sic
267 1694 345 1733 tibi
363 1694 416 1733 de
434 1695 558 1746 pleno
576 1695 696 1747 lupus
717 1696 962 1737 excludatur
980 1698 1090 1745 ovili,

245 1771 353 1809 agna
372 1771 448 1796 nec
467 1758 553 1797 ulla
571 1765 692 1798 tuum
710 1766 833 1811 capta
850 1774 1023 1814 gregem
1041 1764 1225 1809 minuat3

192 1822 249 1858 sic
267 1834 335 1859 me
354 1824 567 1873 gramineo
585 1828 875 1875 remanentem
893 1824 1073 1876 denique
1091 1838 1239 1878 campo

236 1954 349 1987 “The
374 1954 529 1994 basilica,
556 1967 578 1988 a
603 1959 689 1999 type
715 1957 757 1990 of
777 1957 897 2000 public
922 1957 1081 2002 building
1106 1959 1148 1992 of
1167 1959 1282 1994 which
1306 1960 1407 1994 there

191 2008 281 2030 were
298 2009 407 2041 many
422 1999 629 2042 examples'
619 2011 655 2033 m
672 2011 748 2043 pre·
736 2000 926 2035 -Christian
944 2002 1057 2035 Rome
1074 2003 1146 2036 and
1161 2003 1264 2037 other
1278 2006 1405 2044 towns,

191 2042 332 2085 serving
346 2053 385 2075 as
399 2043 566 2086 meeting
556 2043 686 2086 places
700 2044 755 2077 for
770 2046 924 2085 citizens,
941 2049 1060 2079 courts
1074 2046 1116 2080 of
1123 2047 1251 2089 justice
1265 2047 1337 2081 and
1349 2047 1407 2082 for

191 2117 264 2154 3²0
