1456 2358
165 2119 234 2159 150

595 129 956 172 PRUDENTIUS

273 237 449 288 ingemit
469 238 591 274 anxia
609 236 816 283 nobilitas,

273 288 372 328 flore
388 289 405 314 1
425 291 535 342 quod
554 291 702 330 occidis
720 294 763 330 in
781 298 941 339 tenero,

274 347 461 395 proxima
480 345 646 384 dotibus
666 351 710 384 et
728 346 933 386 thalamis.

326 413 409 438 non
426 405 568 439 movet
587 413 713 439 aurea
730 415 882 453 pompa
900 405 994 448 tori,

274 467 357 492 non
375 455 509 505 pietas
528 455 765 494 veneranda
783 469 943 502 senum,

275 522 376 560 quos
395 511 618 547 temeraria
635 509 856 549 debilitas?

275 576 370 601 ecce
389 569 536 615 parata
553 566 781 603 ministeria

275 617 557 657 excruciabilis
577 620 715 657 exitii:

326 678 400 711 aut
417 671 556 724 gladio
574 672 722 712 feriere
740 680 881 726 caput,

275 732 348 765 aut
366 726 576 766 laniabere
595 728 783 767 membra
800 728 911 775 feris,

275 786 348 819 aut
367 780 524 820 facibus
543 782 644 820 data
661 781 851 822 fumificis

273 835 550 888 flebiliterque
569 836 765 876 ululanda
783 840 864 877 tuis

272 893 315 928 in
333 893 490 929 cineres
509 891 691 930 resoluta
709 891 823 931 flues.

324 944 441 990 haec,
460 959 574 998 rogo,
594 948 684 997 quis
702 946 818 985 labor
837 953 901 986 est
919 946 1094 1000 fugere?

272 1001 306 1038 si
324 999 531 1038 modicum
550 1000 645 1039 salis
665 1001 854 1040 eminulis

272 1056 375 1092 turis
396 1060 439 1093 et
459 1058 656 1107 exiguum
674 1055 815 1108 digitis

272 1114 461 1161 tangere,
480 1112 609 1162 virgo,
627 1110 810 1163 benigna
827 1111 942 1157 velis,

271 1176 407 1214 poena
424 1166 559 1216 gravis
578 1165 720 1215 procul
739 1164 932 1204 afuerit.’'

323 1224 482 1270 martyr
501 1218 554 1257 ad
571 1221 653 1258 ista
671 1219 794 1265 nihil3
827 1220 902 1259 sed
920 1222 1031 1260 enim

270 1271 455 1311 infremit
472 1275 598 1324 inque
618 1276 784 1325 tyranni
803 1274 940 1314 oculos

271 1332 394 1378 sputa
412 1329 524 1373 iacit,
543 1328 759 1366 simulacra
777 1329 926 1368 dehinc

271 1381 444 1433 dissipat
461 1384 766 1435 inpositamque
785 1383 938 1423 molam

271 1436 462 1475 turibulis
480 1437 588 1488 pede
607 1438 850 1491 prosubigit.

323 1504 400 1529 nec
418 1504 546 1537 mora,
566 1491 774 1531 carnifices
793 1495 949 1545 gemini

270 1547 417 1583 iuncea
435 1551 605 1597 pectora
623 1546 852 1586 dilacerant

272 1605 316 1638 et
334 1599 443 1638 latus
462 1600 618 1652 ungula
636 1603 866 1653 virgineum

270 1654 407 1705 pulsat
426 1657 635 1706 utrimque
655 1661 700 1694 et
719 1656 771 1695 ad
790 1670 882 1695 ossa
900 1662 1015 1696 secat

270 1708 432 1747 Eulalia
451 1715 697 1748 numerante
716 1716 848 1749 notas.

271 1762 294 1776 “
313 1764 499 1802 scriberis
520 1777 615 1803 ecce
634 1764 748 1811 mihi,
769 1765 959 1805 Domine.

271 1831 395 1869 quam
413 1819 529 1857 iuvat
546 1817 620 1857 hos
641 1821 776 1870 apices
795 1819 935 1872 legere

270 1874 340 1923 qui
359 1877 446 1918 tua,
466 1872 642 1919 Christe,
662 1879 834 1926 tropaea
852 1875 1021 1914 notant!

269 1940 420 1965 nomen
440 1932 484 1965 et
502 1929 591 1978 ipsa
609 1941 770 1967 sacrum
787 1928 970 1980 loquitur

268 1994 450 2032 purpura
468 1984 678 2033 sanguinis
697 1982 865 2021 eliciti.”

319 2034 422 2074 haec
441 2037 528 2074 sine
548 2036 713 2075 fletibus
734 2043 777 2076 et
794 2040 955 2090 gemitu

1307 351 1382 390 110

1307 623 1381 663 115

1306 896 1381 935 120
1453 930 1456 934 .

1306 1168 1380 1209 125

1305 1441 1380 1480 130

1304 1715 1378 1754 135

1302 1985 1377 2025 140
