1456 2358
167 2124 237 2164 17²

582 130 943 170 PRUDENTIUS

262 238 285 251 “
305 241 366 277 ius
386 237 463 277 hoc
482 237 654 276 deorum
674 242 718 275 et
736 238 967 288 principum

263 293 414 332 violare
434 293 569 331 verbis
589 293 757 343 asperis,

313 350 376 386 ius
396 353 440 386 et
459 352 665 385 sacratum
685 351 730 384 et
747 345 973 397 publicum,

262 405 328 441 cui
347 402 460 440 cedit
477 401 704 439 humanum
723 413 868 452 genus,

263 470 340 495 nec
359 462 404 495 te
422 458 618 494 iuventae
637 454 821 494 fervidae

262 514 421 550 instans
440 510 640 562 periclum
658 509 902 562 permovet?

315 565 392 604 hoc
411 578 591 616 namque
611 564 826 603 decretum
845 575 971 615 cape:

265 626 338 659 aut
358 634 428 658 ara
446 625 540 658 ture
561 625 605 658 et
624 621 807 670 caespite

263 674 472 727 precanda
490 676 573 712 iam
592 687 701 712 nunc
721 678 785 712 est
803 673 895 718 tibi,

265 735 339 768 aut
356 743 465 768 mors
483 728 638 767 luenda
657 733 722 766 est
740 724 985 779 sanguine.''

315 783 531 836 respondit
547 783 617 822 ille
637 782 900 821 altrinsecus:

265 838 289 852 ‘⁴
309 852 387 891 age
408 852 520 890 ergo,
541 837 742 890 quidquid
761 838 922 882 virium,

266 893 468 945 quidquid
486 894 707 944 potestatis
727 892 804 930 tibi
824 896 902 936 est,

265 948 403 1000 palam
421 947 616 992 reluctor,
636 959 760 985 exere
775 947 782 984 !

277 1002 279 1004 ’
317 1017 396 1041 vox
415 1007 557 1041 nostra
576 1014 683 1053 quae
703 1003 770 1046 sit,
791 1002 954 1052 accipe:

266 1063 332 1096 est
351 1057 537 1096 Christus
557 1062 602 1094 et
621 1054 747 1094 Pater
767 1055 904 1094 Deus:

267 1114 373 1150 servi
390 1111 512 1150 huius
532 1116 576 1149 et
594 1115 726 1149 testes
746 1122 909 1155 sumus3

267 1172 485 1217 extorque,
504 1168 538 1204 si
556 1170 691 1216 potes,
711 1164 858 1203 fidem!

318 1225 543 1266 tormenta,
562 1233 714 1265 carcer,
733 1218 914 1271 ungulae

266 1275 529 1326 stridensque
548 1273 723 1312 flammis
741 1273 954 1322 lammina,

267 1336 394 1382 atque
413 1332 503 1380 ipsa
521 1341 748 1380 poenarum
766 1327 914 1366 ultima

266 1398 375 1424 mors
395 1383 637 1422 Christianis
655 1382 777 1421 ludus
797 1387 874 1421 est.

320 1453 344 1478 o
362 1444 502 1477 vestra
518 1439 651 1476 inanis
670 1439 830 1476 vanitas

267 1496 500 1545 scitumque
519 1493 689 1531 brutum
709 1491 916 1530 Caesaris!

268 1548 474 1600 condigna
492 1549 638 1586 vestris
657 1547 845 1585 sensibus

268 1603 347 1642 coli
365 1603 517 1641 iubetis
536 1603 707 1640 numina

321 1659 459 1696 excisa
477 1655 614 1695 fabrili
632 1669 772 1701 manu,

269 1714 377 1751 cavis
395 1716 561 1750 recocta
579 1716 624 1749 et
642 1709 822 1756 follibus,

270 1779 378 1818 quae
396 1778 511 1811 voce,
531 1778 638 1817 quae
657 1778 801 1817 gressu
820 1770 978 1810 carent,

268 1824 441 1866 inmota,
461 1833 597 1865 caeca,
618 1819 812 1871 elinguia.

320 1875 384 1914 his
403 1879 645 1925 sumptuosa
664 1873 881 1925 splendido

270 1930 444 1969 delubra
462 1934 652 1967 crescunt
670 1941 888 1974 marmore,

269 1985 333 2024 his
351 1983 458 2023 colla
475 1985 752 2036 mugientium

270 2051 464 2092 percussa
482 2043 694 2078 taurorum
713 2037 880 2077 cadunt.

1321 345 1372 385 45

1324 891 1376 932 55

1328 1439 1378 1478 65

1329 1710 1381 1750 70

1330 1982 1380 2022 75
