1456 2358
650 146 1013 189 PRUDENTIUS
1443 138 1456 195 ἐ

223 264 328 289 unus
348 258 490 291 nostra
507 259 628 305 regat
647 260 868 306 servetque
887 254 1043 306 palatia
1062 254 1272 302 Christus;

223 319 275 343 ne
295 309 386 358 quis
406 307 627 346 Romuleas
646 308 824 348 daemon
842 312 925 348 iam
943 312 1105 349 noverit
1123 323 1252 357 arces,

223 361 297 399 sed
316 361 390 399 soli
408 364 520 413 pacis
541 362 720 402 Domino
738 377 834 403 mea
851 367 1004 404 serviat
1022 364 1158 403 aula.''

275 418 331 453 sic
351 415 494 455 adfata
511 420 600 469 pios
620 417 752 457 Roma
771 422 956 458 exoravit
975 419 1187 459 alumnos·
1452 444 1456 475 ς

223 483 417 521 spernere
437 471 624 523 legatum
642 487 726 511 non
744 474 1005 513 admittenda
1022 480 1256 526 petentem,
1365 476 1442 516 770

222 524 410 576 legatum
431 526 537 565 Iovis
558 540 610 565 ex
630 527 766 580 adytis
786 529 838 567 ab
857 528 1072 580 haruspice
1091 532 1275 576 missum,

223 585 267 617 at
286 594 369 618 non
389 594 412 618 a
430 583 589 632 patria;
622 585 782 633 patriae
802 597 875 621 sua
892 584 1023 636 gloria
1042 583 1240 623 Christus.

223 637 407 686 persistit
426 641 569 674 tamen
588 637 808 676 adfirmans
827 640 908 676 iter
927 652 1016 677 esse
1034 639 1173 678 viandi

222 689 474 728 multifidum
493 693 748 744 variumque,
769 693 884 731 Deus
903 707 998 732 cum
1016 696 1229 745 quaeritur
1247 706 1376 733 unus·
1366 723 1376 740 ,

222 743 317 782 hinc
336 744 450 791 alios,
470 751 535 784 ast
553 746 650 785 inde
670 747 770 786 alios
788 761 1009 800 properare
1028 761 1226 795 seorsum,
1365 749 1456 796 775⁴}

223 811 432 893 quemqge
482 814 557 852 per
607 800 816 841 anfractus
865 805 1072 855 proprios·
1063 832 1073 849 ,
1138 803 1213 842 sed
1262 809 1456 874 conpeta}

330 867 378 892 eo
411 868 478 893 em
1451 882 1456 903 ε

224 907 305 946 fine
325 912 500 948 coartari
519 910 640 949 simul
660 917 704 950 et
723 925 964 951 concurrere
983 915 1026 951 in
1045 925 1197 959 unum;
1446 908 1456 943 ³¹1

224 966 324 1014 quin
345 966 473 1002 etiam
492 965 653 1004 caelum
673 972 802 1018 atque
820 967 966 1013 solum,
985 973 1145 1014 ventos,
1163 981 1293 1015 mare,
1308 968 1456 1015 nubes:

223 1019 440 1057 omnibus'
430 1033 472 1057 in
492 1033 709 1059 commune
729 1021 831 1067 dari,
850 1022 916 1060 vel
934 1025 1004 1074 qui
1023 1022 1192 1061 colimus
1211 1028 1270 1069 te,
1453 1032 1456 1039 “

222 1072 400 1119 Christe,
419 1074 485 1112 vel
505 1081 604 1113 exta
621 1075 747 1115 litant
765 1076 934 1128 sculptis
954 1079 1024 1129 qui
1043 1077 1188 1116 tabida
1205 1080 1327 1116 saxis.
1363 1075 1456 1126 78οἔ

222 1141 304 1166 non
323 1141 431 1181 nego
450 1142 713 1169 communem
731 1134 888 1170 cunctis
907 1132 1140 1175 viventibus
1158 1145 1279 1172 usum
1448 1134 1456 1186 νξ

222 1185 341 1229 aeris,
361 1189 578 1230 astrorum,
596 1185 748 1238 pelagi,
767 1185 926 1225 telluris
947 1192 990 1225 et
1008 1187 1161 1226 imbris.
1439 1185 1456 1233 ,l

220 1239 347 1276 immo
367 1241 495 1277 etiam
513 1241 688 1278 iniustus
706 1243 862 1292 pariter
879 1244 1095 1293 iustusque
1114 1242 1191 1280 sub
1209 1255 1292 1281 uno

221 1305 299 1330 axe
318 1292 525 1339 habitant,
545 1308 646 1338 unas
665 1297 777 1346 capit
795 1298 930 1347 inpius
950 1301 994 1335 et
1011 1299 1103 1348 pius
1123 1310 1257 1342 auras,

219 1353 357 1386 castus
377 1353 421 1387 et
439 1350 635 1394 incestus,
653 1352 851 1388 meretrix
872 1356 916 1389 et
934 1356 1080 1403 nupta,
1098 1364 1176 1390 nec
1195 1351 1301 1390 alter
1362 1349 1456 1404 785}

218 1415 289 1440 ore
308 1403 531 1442 sacerdotis
551 1417 677 1455 quam
695 1405 964 1456 myrmillonis
985 1405 1154 1444 anhelat
1451 1410 1456 1458 e]

218 1459 400 1508 spiritus,
420 1460 530 1497 aerio
549 1461 678 1497 vitam
697 1462 768 1510 qui
787 1465 996 1511 temperat
1014 1460 1178 1499 haustu.
1452 1465 1456 1470 '

216 1512 336 1550 nubis
355 1525 481 1551 verna
499 1513 606 1564 pluit
625 1513 806 1566 zephyro
824 1514 1067 1566 inpellente,
1086 1514 1161 1554 sed
1180 1529 1314 1568 aeque

216 1565 316 1605 furis
337 1572 381 1606 et
398 1569 563 1606 innocui
582 1567 781 1608 fecundat
800 1583 894 1608 rura
912 1570 1057 1608 coloni.
1446 1553 1456 1597 'l

215 1624 392 1674 gurgitis
412 1625 558 1661 aestivi
577 1626 633 1661 sic
652 1637 756 1674 pura
774 1623 932 1663 fluenta
949 1627 1096 1670 viator,
1360 1600 1456 1755 79οΞ

216 1681 263 1714 ut
282 1676 402 1723 latro,
422 1676 553 1716 fessus
573 1678 684 1724 adit3
718 1681 774 1717 sic
793 1681 936 1730 piratis
955 1693 1069 1718 mare
1088 1682 1215 1719 servit
1452 1680 1456 1692 “’

217 1737 264 1769 ut
284 1734 517 1778 mercatori,
536 1746 613 1771 nec
632 1732 781 1772 fluctus
801 1736 932 1772 secius
950 1734 1061 1773 hosti

215 1786 473 1838 obsequitur,
493 1800 618 1839 quam
637 1801 731 1826 cum
749 1787 887 1827 licitae
906 1787 989 1828 fert
1007 1794 1189 1828 transtra
1205 1791 1383 1830 carinae.

217 1853 316 1892 ergo
335 1854 467 1893 capax
486 1844 701 1894 utriusque
720 1845 780 1881 rei
799 1848 948 1882 natura
966 1843 1153 1883 creandis

215 1909 260 1934 se
279 1897 455 1947 praebet
474 1897 650 1948 populis,
669 1910 746 1936 nec
764 1897 893 1936 habet
911 1898 1144 1937 discernere
1163 1898 1302 1951 dispar
1359 1899 1436 1940 795

613 2066 629 2082 ⁰
652 2061 715 2095 See
728 2065 812 2095 note
826 2072 872 2095 on
885 2062 954 2095 line
968 2063 1024 2096 90.

1447 1841 1456 1954 ’ἒ

1435 1958 1456 2085 l

216 2133 264 2170 68
1447 2102 1456 2223 Ξ

1448 2225 1456 2266 'l

1446 2270 1456 2286 4
