1456 2358
610 137 975 180 PRUDENTIUS

185 241 377 282 fluctibus
395 243 458 282 his
478 243 575 282 olim
595 243 729 282 fatum
747 248 945 297 geniusve
965 247 1176 285 animusve
1374 287 1382 293 μ
1398 287 1403 289 ,

184 297 372 349 publicus
393 301 567 343 erravit3
600 299 773 337 tandem
791 299 1048 351 deprendere
1067 306 1229 340 rectum
1323 301 1404 345 ,430

185 351 330 390 doctus
350 355 430 391 iter
449 359 574 405 caput
594 360 818 405 augustum
836 354 1074 394 diademate
1092 357 1223 395 cinxit

185 407 398 458 appellans
417 414 581 459 patrem
600 411 774 459 patriae,
793 409 934 461 populi
953 415 1080 461 atque
1099 416 1268 449 senatus

185 467 402 507 rectorem,
423 465 492 513 qui
512 463 684 501 militiae
704 466 757 502 sit
776 464 922 502 ductor
942 470 985 502 et
1003 464 1115 503 idem

185 516 363 555 dictator
382 531 608 568 censorque
628 518 758 556 bonus
778 532 1021 570 morumque
1040 521 1252 571 magister,

185 576 300 609 tutor
319 585 458 622 opum,
477 572 629 610 vindex
649 573 863 618 scelerum,
882 573 1052 625 largitor
1068 573 1283 612 honorum.
1325 575 1403 615 435

186 625 297 676 quod
316 629 348 664 si
368 632 432 665 tot
451 640 589 665 rerum
607 625 803 678 gradibus
822 630 976 666 totiens
995 631 1160 667 variatis

184 681 360 719 consiliis
380 694 504 733 aegre
524 682 696 720 tandem
714 685 903 734 pervenit
923 682 976 721 ad
993 683 1096 722 illud

185 735 297 788 quod
315 736 464 786 probet
484 750 530 774 ac
550 742 692 775 sancto
711 740 944 776 reverentia
962 738 1126 789 publica
1144 743 1283 777 servet

185 789 368 836 foedere,
388 791 488 842 quid
507 791 673 830 dubitat
691 792 830 830 divina
848 806 1070 844 agnoscere
1089 795 1178 831 iura

184 847 374 896 ignorata
392 848 503 897 prius
523 846 690 884 sibimet
708 847 963 898 tandemque
982 853 1164 886 retecta
1155 847 1171 875 Ρ
1325 848 1404 893 440

183 905 411 951 gratemur,
430 902 513 938 iam
532 914 614 939 non
633 901 822 946 dubitat3
856 915 952 940 nam
972 901 1138 941 subdita
1157 887 1320 942 Christo
1363 939 1369 947 .,

184 957 311 993 servit
330 954 462 993 Roma
482 955 574 994 Deo
593 955 727 994 cultus
748 969 872 994 exosa
890 959 1057 1008 priores.

185 1008 359 1049 Romam
378 1009 469 1048 dico
488 1012 607 1055 viros,
627 1023 728 1061 quos
748 1017 934 1049 mentem
953 1011 1156 1050 eredimus
1170 999 1315 1059 urbis,

184 1077 266 1101 non
284 1066 468 1115 genium,
488 1067 601 1103 cuius
621 1062 773 1103 frustra
791 1065 1035 1104 simulatur
1024 1079 1175 1118 imago.
1380 1109 1387 1113 ,

184 1131 436 1170 quamquam
455 1133 527 1157 cur
544 1122 714 1171 genium
733 1120 889 1158 Romae
908 1120 1008 1158 mihi
1027 1119 1181 1173 fingitis
1200 1135 1343 1167 unum,
1385 1163 1388 1166 ,

183 1186 277 1211 cum
296 1176 439 1224 portiS,
458 1173 662 1219 domibus,
681 1174 867 1220 thermis,
886 1174 1058 1214 stabulis
1077 1175 1242 1214 soleatis
1324 1177 1401 1222 446

184 1228 401 1279 adsignare
420 1242 513 1267 suos
533 1231 675 1280 genios
694 1243 851 1280 perque
871 1232 1008 1268 omnia
1026 1230 1213 1268 membra

183 1283 293 1321 urbis
312 1296 469 1334 perque
488 1283 596 1322 locos
615 1286 831 1335 geniorum
849 1284 963 1322 milia
979 1284 1112 1323 multa

183 1337 354 1388 fingere,
373 1351 426 1376 ne
445 1340 609 1389 propria
628 1344 747 1376 vacet
766 1338 940 1390 angulus
959 1338 1065 1377 ullus
1085 1339 1137 1377 ab
1156 1339 1330 1378 umbra?

182 1398 314 1430 restat
333 1398 381 1431 ut
400 1398 444 1431 et
462 1391 596 1431 fatum
615 1393 755 1431 similis
775 1393 987 1431 dementia
1005 1396 1162 1432 cunctis
1322 1395 1400 1436 450

183 1446 353 1485 aedibus
372 1449 559 1498 inponat,
578 1450 712 1498 paries
732 1453 779 1486 ut
798 1450 972 1499 quisque
991 1449 1067 1486 sub
1087 1454 1197 1488 astro
1231 1482 1234 1484 μ

182 1500 379 1540 fundatus
399 1507 662 1553 structusque
682 1516 769 1548 suo,
789 1516 870 1554 qua
889 1508 999 1541 sorte
1018 1508 1222 1550 maneret,

183 1556 347 1607 quando
367 1562 509 1595 autem
528 1563 682 1602 rueret,
700 1559 841 1608 primis
861 1560 1067 1608 acceperit
1084 1557 1205 1597 horis.

183 1610 420 1650 adscribunt
439 1614 547 1650 saxis
568 1611 761 1650 Lachesis
780 1612 887 1650 male
907 1611 1030 1651 fortia
1048 1612 1130 1659 fila,
1393 1639 1395 1641 -

179 1671 469 1717 tectorumque
487 1667 626 1706 trabes
646 1665 744 1705 fusis
763 1666 946 1718 pendere
965 1669 1111 1706 rotatis
1135 1710 1138 1712 ,
1319 1668 1396 1712 455

228 1830 317 1863 “Of
330 1830 514 1869 Octavian,
532 1831 688 1873 Antony,
706 1831 777 1863 and
793 1823 957 1873 Lepidus,
974 1831 1133 1864 formed
1124 1842 1161 1864 m
1176 1832 1220 1865 43
1237 1841 1259 1864 Β
1263 1841 1306 1865 ..0

230 1874 242 1894 ⁶
265 1874 382 1907 Julius
406 1875 534 1908 Caesar
556 1886 627 1907 was
652 1875 816 1913 dictator,
842 1875 909 1908 but
931 1876 1114 1918 Augustus
1136 1875 1173 1908 in
1197 1886 1259 1918 org
1219 1875 1396 1926 rganising

180 1918 242 1951 the
274 1919 470 1960 principato
502 1918 731 1961 deliberately
763 1919 914 1952 avoided
946 1919 1007 1952 the
1038 1919 1128 1957 title,
1161 1929 1227 1952 nor
1257 1919 1320 1952 did
1350 1919 1396 1954 he

179 1973 318 1995 assume
333 1962 394 1995 the
410 1963 620 2005 censorship‚
637 1963 772 2013 though
787 1973 883 1995 some
897 1962 938 1995 of
947 1963 1001 1996 his
1015 1963 1112 2005 early
1125 1973 1320 1996 successore
1333 1963 1396 1997 did

179 2016 230 2038 so.
277 2006 351 2039 The
376 2007 536 2048 princeps
563 2006 665 2040 could
690 2007 726 2040 in
751 2007 826 2039 fact
850 2007 1002 2040 exercise
1026 2007 1088 2040 the
1113 2017 1247 2050 powers
1271 2007 1313 2040 of
1332 2007 1395 2041 the

181 2060 303 2083 censor
320 2050 473 2083 without
491 2050 635 2093 holding
652 2051 714 2084 the
733 2051 842 2088 office,

180 2133 228 2170 40
