1456 2358
603 154 964 195 PRUDENTIUS

178 263 277 301 dum
297 263 513 301 lacrimans
533 275 697 300 mecum
716 268 865 313 reputo
885 276 980 301 mea
998 261 1169 301 vulnera
1188 267 1233 302 et
1251 276 1394 303 omnes

229 321 340 356 vitae
358 317 519 356 labores
539 330 586 355 ac
604 317 793 355 dolorum
812 319 1016 363 acumina,

178 375 291 411 erexi
311 373 364 411 ad
382 372 544 410 caelum
563 370 727 417 faciem,
746 374 867 410 stetit
886 373 1007 410 obvia
1025 377 1169 411 contra

227 427 330 465 fucis
350 427 532 465 colorum
550 429 663 478 picta
681 429 819 479 imago
838 428 1031 479 martyris
1343 430 1392 469 10
1411 445 1416 447 >

175 482 319 534 plagas
338 481 452 519 mille
470 494 634 534 gerens,
653 487 764 519 totos
783 481 965 520 lacerata
982 495 1058 533 per
1076 487 1204 527 artus,

224 542 393 588 ruptam
411 538 581 574 minutis
599 535 838 588 praeferens
857 539 1021 587 punctis
1040 541 1193 575 cutem.

173 594 379 629 innumeri
398 593 551 629 circum
569 593 702 642 pueri,
721 590 954 629 miserabile
973 593 1076 636 visu,

224 645 413 684 confossa
431 648 566 697 parvis
585 646 773 683 membra
792 645 978 697 figebant
996 645 1115 692 stilis,

173 701 283 739 unde
302 700 526 752 pugillares
546 700 655 739 soliti
673 713 912 752 percurrere
932 713 1045 739 ceras
1339 704 1388 744 15

224 755 409 794 scholare
428 768 614 793 murmur
632 755 882 793 adnotantes
901 757 1161 806 scripserant.

172 810 364 848 aedituus
384 809 594 848 consultus
613 812 696 848 ait:
730 808 753 823 ‘¹
773 809 884 861 quod
902 812 1112 862 prospicis,
1131 809 1294 863 hospes,

222 879 305 903 non
326 871 389 904 est
407 867 540 903 inanis
560 870 634 902 aut
653 864 771 902 anilis
790 863 953 910 fabula3

170 919 384 958 historiam
403 922 565 971 pictura
583 918 726 965 refert,
746 932 853 971 quae
873 919 1028 958 tradita
1045 919 1158 958 libris

223 987 364 1013 veram
382 977 537 1013 vetusti
556 976 755 1026 temporis
774 979 979 1012 monstrat
998 974 1135 1013 fidem.
1334 977 1386 1016 20

168 1029 409 1081 praefuerat
427 1029 574 1067 studiis
593 1028 818 1080 puerilibus
839 1035 882 1067 et
901 1042 1029 1081 grege
1048 1029 1180 1068 multo

221 1090 390 1136 saeptus
409 1086 609 1135 magister
626 1083 861 1121 litterarum
880 1083 1060 1130 sederat,

170 1139 297 1177 verba
315 1141 423 1177 notis
443 1139 636 1177 brevibus
655 1138 937 1190 conprendere
956 1144 1106 1177 cuncta
1123 1141 1293 1190 peritus,

219 1196 455 1245 raptimque
474 1195 639 1244 punctis
658 1193 771 1231 dicta
788 1194 1056 1245 praepetibus
1075 1195 1205 1245 sequi.

169 1261 315 1300 aspera
334 1261 644 1299 nonnumquam
664 1253 889 1299 praecepta
908 1253 952 1286 et
970 1250 1106 1286 tristia
1124 1251 1210 1287 visa
1331 1251 1381 1291 25

218 1303 374 1354 inpube
394 1302 540 1354 vulgus
560 1308 776 1340 moverant
794 1305 854 1340 ira
874 1308 918 1341 et
936 1308 1066 1341 metu.

166 1357 311 1396 doctor
330 1371 493 1395 amarus
514 1360 624 1395 enim
643 1357 818 1395 discenti
837 1370 1001 1408 semper
1020 1357 1196 1409 ephebo,

218 1425 294 1450 nec
314 1412 445 1450 dulcis
464 1411 538 1450 ulli
556 1411 770 1463 disciplina
787 1411 989 1450 infantiae
1009 1418 1085 1451 est.

166 1480 262 1505 ecce
282 1467 408 1505 fidem
427 1469 619 1518 quatiens
639 1472 868 1518 tempestas
888 1479 1011 1505 saeva
1028 1467 1248 1519 premebat

216 1521 385 1573 plebem
403 1521 585 1560 dicatam
604 1520 863 1559 Christianae
881 1521 1050 1573 gloriae.
1328 1525 1380 1564 30

165 1576 399 1615 extrahitur
417 1581 540 1615 coetu
560 1588 583 1614 e
602 1575 740 1614 medio
758 1576 996 1615 moderator
1013 1575 1170 1615 alumni

215 1633 368 1684 gregis,
388 1630 500 1683 quod
519 1633 598 1669 aris
617 1630 847 1682 supplicare
867 1636 1092 1682 spreverat.

163 1699 391 1737 poenarum
411 1685 557 1724 artifici
576 1688 794 1736 quaerenti
813 1685 925 1737 quod
942 1699 1074 1737 genus
1095 1689 1193 1725 artis

214 1743 275 1778 vir
293 1746 434 1779 nosset
453 1739 538 1778 alto
557 1745 646 1778 tam
664 1739 829 1778 rebellis
848 1743 1008 1792 spiritu,

162 1795 439 1846 respondent:
466 1794 474 1808 ‘
491 1807 643 1847 agmen
655 1800 848 1833 tenerum
862 1808 909 1833 ac
920 1794 1079 1848 puerile
1091 1796 1313 1848 gubernat,
1325 1798 1377 1838 35

205 1950 221 1965 ‘²
245 1945 319 1978 The
342 1945 444 1978 stilus
467 1956 540 1978 was
563 1956 585 1978 a
609 1945 719 1978 metal
741 1946 957 1979 instrument
980 1946 1050 1979 ada
1075 1946 1137 1979 ted
1159 1946 1216 1980 for
1238 1947 1378 1991 writing

161 1999 207 2022 on
224 1989 358 2022 tablets
374 1989 415 2022 of
427 1989 616 2022 box-wood
632 1989 781 2022 covered
796 1989 883 2022 with
898 2000 989 2023 wax.
1056 1993 1074 2023 t
1088 2001 1160 2023 was
1175 1991 1323 2034 pointed
1337 1995 1378 2025 at

161 2043 227 2065 one
246 2033 326 2071 end,
346 2033 448 2066 while
465 2033 527 2066 the
545 2033 648 2066 other
664 2044 736 2066 was
754 2033 926 2067 flattened
942 2033 998 2066 for
1014 2034 1216 2078 smoothing
1232 2038 1298 2068 out
1314 2034 1378 2069 the

160 2087 239 2109 wax
257 2077 329 2110 and
345 2088 384 2110 so
402 2078 540 2120 erasing
556 2077 653 2110 what
669 2076 741 2110 had
757 2077 845 2110 been
861 2078 1014 2111 written.
1063 2077 1116 2121 Os.
1134 2077 1221 2112 lines
1237 2080 1361 2114 51—54.

158 2152 228 2178 222
