1456 2358
618 138 980 180 PRUDENTIUS

300 257 353 282 an
372 257 517 295 corpus
537 258 709 297 aegrum
727 245 902 297 languor
921 259 1041 298 asper
1059 251 1269 298 torqueat,

299 311 393 336 cum
412 312 537 350 saepe
557 300 720 338 morbos
740 303 869 339 maior
889 307 1023 340 armet
1041 300 1252 340 saevitas.1

298 367 381 391 non
400 353 649 406 ungularum
668 360 789 392 tanta
807 357 866 393 vis
884 354 994 394 latus
1012 354 1120 394 fodit

298 421 493 446 mucrone
514 414 671 460 quanto
690 409 779 447 dira
796 409 936 461 pulsat
953 410 1156 461 pleurisis,
1333 411 1409 453 485

350 476 427 500 nec
446 466 503 501 sic
521 466 660 501 inusta
678 463 882 503 lamminis
903 464 1022 503 ardet
1040 467 1161 511 cutis,

298 522 345 554 ut
365 516 490 556 febris
510 523 600 556 atro
620 517 718 557 felle
737 531 862 557 venas
882 519 1026 558 exedit

297 571 362 609 vel
382 585 542 610 summa
560 572 679 623 pellis
698 575 803 625 ignis
823 573 1026 612 obductus
1045 576 1187 626 coquit

296 626 553 678 papulasque
573 626 708 666 fervor
727 633 941 666 aestuosus
961 631 1141 667 excitat:

296 681 439 719 credas
459 684 631 719 cremari
650 682 832 720 stridulis
851 683 1099 721 cauteribus.
1329 685 1407 725 490

348 738 543 774 miserum
562 739 735 787 putatis,
755 737 866 788 quod
883 740 1050 776 retortis
1068 737 1232 789 pendeo

297 796 493 828 extentus
512 790 632 836 ulnis,
653 791 764 842 quod
781 792 1038 830 revelluntur
1055 792 1199 844 pedes,

296 858 482 897 conpago
501 848 636 884 nervis
656 846 767 897 quod
785 852 906 885 sonat
924 847 1212 898 crepantibus:

294 901 351 937 sic
371 899 574 938 eiulantes
594 914 686 939 ossa
704 901 886 940 clamant
904 901 1046 947 dividi,

294 954 450 992 nodosa
468 960 638 1006 torquet
657 968 758 1006 quos
777 956 962 1008 podagra
982 962 1026 995 et
1045 959 1211 995 artrisis.
1327 958 1404 999 495

346 1008 521 1047 horretis
541 1023 684 1048 omnes
702 1009 826 1048 hasce
845 1010 1081 1049 carnificum
1099 1024 1258 1050 manus.

294 1077 393 1100 num
413 1066 596 1102 mitiores
616 1070 714 1103 sunt
732 1078 878 1103 manus
897 1066 1171 1112 medentium,

293 1117 457 1156 laniena
477 1119 643 1169 quando
662 1122 794 1158 saevit
814 1119 1135 1171 Hippocratica?

292 1175 430 1210 vivum
449 1179 614 1211 secatur
632 1176 763 1212 viscus
784 1180 828 1213 et
846 1187 990 1213 recens
1008 1188 1127 1213 cruor

293 1227 487 1278 scalpella
506 1230 661 1280 tinguit
680 1228 779 1266 dum
798 1229 977 1280 putredo
996 1229 1221 1268 abraditur.
1325 1232 1404 1272 500

343 1288 492 1332 putate
513 1282 667 1320 ferrum
687 1286 806 1322 triste
825 1283 1035 1336 chirurgos
1054 1286 1157 1323 meis

291 1335 443 1375 inferre
463 1339 600 1382 costis,
621 1337 732 1388 quod
750 1344 865 1376 secat
883 1338 1115 1377 salubriter.

291 1404 373 1429 non
394 1397 458 1429 est
477 1405 663 1430 amarum
683 1405 765 1443 quo
783 1392 1033 1431 reformatur
1051 1393 1183 1432 salus:

290 1445 484 1484 videntur
502 1448 571 1484 isti
590 1459 759 1498 carpere
779 1452 892 1485 artus
910 1447 1090 1493 tabidos,

290 1500 363 1538 sed
383 1500 486 1539 dant
505 1500 728 1539 medellam
746 1502 869 1540 rebus
888 1504 1001 1540 intus
1020 1502 1176 1541 vividis.
1326 1505 1403 1545 505

343 1557 433 1606 quis
452 1558 585 1594 nescit
605 1561 747 1594 autem
766 1562 924 1607 quanta
942 1556 1177 1608 corruptela
1195 1559 1249 1596 sit

289 1610 597 1648 contaminatae
616 1613 747 1649 carnis
768 1624 815 1648 ac
833 1611 1044 1649 solubilis?

289 1663 443 1710 sordet,
462 1667 672 1710 tumescit,
691 1664 876 1716 liquitur,
895 1665 1044 1711 foetet,
1063 1665 1193 1712 dolet,

288 1717 456 1757 inflatur
474 1722 548 1765 ira,
567 1719 739 1758 solvitur
756 1720 943 1766 libidine,

288 1772 532 1825 plerumque
552 1772 650 1812 felle
669 1776 802 1813 tincta
819 1774 966 1813 livores
985 1774 1127 1814 trahit.
1323 1777 1401 1817 510
1431 1820 1438 1826 x

230 1925 244 1946 ²
268 1926 473 1967 Berqman’s
496 1927 605 1960 MSS.
629 1927 711 1959 have
734 1928 894 1966 saevitia,
918 1928 1026 1960 which
1048 1929 1088 1961 he
1111 1928 1221 1970 keeps,
1245 1927 1302 1961 but
1321 1927 1349 1961 it
1367 1927 1401 1962 ἰε

182 1972 269 2002 ἠιοει
287 1969 439 2012 unlikely
458 1970 528 2003 that
547 1971 757 2004 Prudentius
776 1970 884 2004 ended
902 1982 949 2004 an
968 1972 1092 2005 iambic
1110 1972 1258 2005 trimeter
1275 1972 1315 2005 in
1333 1971 1402 2006 thie

184 2023 269 2055 way.

182 2116 254 2154 262

1444 2327 1456 2358 ¹..
1440 2148 1456 2312 ..s-...zajss
1451 2115 1456 2139 -.
1452 2078 1456 2082 ,
1437 2058 1449 2064 “
1453 2021 1456 2024 Δ
1447 1966 1456 1979 ι,
