1456 2358
141 2142 213 2181 252

583 151 944 194 PRUDENTIUS

262 257 386 308 pleno
404 257 566 297 refulsit
584 258 783 298 claritatis
802 264 983 300 numine.

262 317 412 350 natura
430 313 605 364 simplex
624 314 755 365 pollet
774 318 892 354 unius
913 316 1007 363 Dei,

263 372 306 404 et
322 367 524 418 quidquid
538 381 713 420 usquam
729 375 793 408 est
809 384 891 408 una
907 373 1035 410 virtus
1047 372 1247 418 condidit,
1293 376 1370 416 325

313 421 475 460 caelum
493 421 723 475 solumque,
743 426 825 462 vim
843 428 990 464 marini
1008 430 1199 479 gurgitis,

260 475 404 527 globos
424 476 585 515 dierum
604 481 871 530 noctiumque
889 481 1114 531 praesides,

260 536 421 576 ventos,
439 531 653 582 procellas,
673 532 850 585 fulgura,
870 535 1036 581 imbres,
1054 536 1210 583 nubila,

260 588 594 636 septemtriones,
615 587 838 639 Hesperos,
858 595 1011 635 aestus,
1030 593 1159 637 nives,

260 638 411 685 fontes,
430 643 596 691 pruinas
618 647 662 680 et
680 643 852 681 metalla
871 649 915 682 et
934 643 1118 691 flumina,
1292 649 1370 688 330

310 701 549 746 praerupta,
568 695 706 746 plana,
725 700 930 736 montium
948 699 1162 747 convallia,

259 748 382 795 feras,
401 750 600 796 volucres,
618 751 803 802 reptiles,
822 753 1032 800 natatiles,

258 806 459 850 iumenta,
478 817 624 856 pecua,
644 807 894 858 subiugales,
914 808 1071 855 beluas,

258 858 392 904 flores,
407 858 607 905 frutecta,
626 863 827 912 germina,
846 861 1010 909 herbas,
1030 864 1210 911 arbores,

259 927 366 964 quae
386 919 484 952 sunt
502 914 631 961 odori,
651 928 842 967 quaeque
861 924 1037 957 vernant
1056 921 1156 958 esui.
1291 922 1368 962 335
1432 974 1433 977 Ἰ

309 968 413 1006 haec
431 982 514 1007 non
531 969 673 1008 labore
693 976 738 1008 et
757 977 847 1009 arte
866 972 1033 1011 molitus
1053 973 1169 1013 Deus

257 1023 332 1061 sed
349 1023 542 1069 iussione,
563 1037 687 1075 quam
706 1031 893 1076 potestas
911 1027 1099 1078 protulit,

256 1077 470 1116 mandavit
490 1091 603 1124 esse3
637 1078 749 1118 facta
767 1087 864 1119 sunt
884 1094 991 1132 quae
1010 1096 1093 1121 non
1112 1089 1244 1123 erant.

256 1131 393 1170 Verbo
412 1136 568 1171 creavit
586 1133 874 1173 omniformem
893 1136 1149 1183 machinam;

257 1189 385 1225 virtus
403 1193 580 1238 paterna
598 1201 763 1240 semper
780 1192 823 1227 in
842 1189 979 1229 Verbo
998 1190 1090 1230 fuit.
1289 1195 1367 1235 340

308 1244 514 1294 cognostis
532 1244 668 1294 ipsum
683 1256 691 1281 :
725 1257 834 1282 nunc
852 1245 1014 1284 colendi
1033 1250 1245 1299 agnoscite

254 1298 381 1334 ritum
399 1296 667 1348 modumque,
688 1298 809 1349 quale
829 1302 883 1337 sit
901 1301 1049 1352 templi
1066 1314 1212 1354 genus,

256 1364 363 1401 quae
383 1351 564 1389 dedicari
583 1355 767 1391 sanxerit
786 1353 970 1400 donaria,

255 1418 362 1456 quae
382 1411 479 1444 vota
497 1412 654 1457 poscat,
675 1420 776 1458 quos
796 1409 1031 1448 sacerdotes
1051 1410 1166 1457 velit,

255 1459 366 1511 quod
384 1460 556 1499 mandet
573 1461 656 1499 illic
675 1467 819 1500 nectar
836 1464 1082 1504 inmolarier.
1287 1468 1364 1509 345

306 1514 455 1553 aedem
473 1515 551 1553 sibi
569 1518 657 1567 ipse
676 1522 819 1555 mente
838 1520 881 1555 in
899 1518 1074 1558 hominis
1093 1520 1279 1560 condidit

254 1571 402 1614 vivam,
422 1582 626 1616 serenam,
645 1571 892 1618 sensualem,
911 1572 1106 1620 flabilem,

252 1623 353 1661 solvi
372 1626 611 1676 incapacem
629 1639 764 1676 posse,
783 1640 860 1665 nec
879 1627 1178 1676 destructilem,

251 1678 479 1729 pulchram,
498 1685 731 1726 venustam,
749 1684 1082 1732 praeminentem
1100 1684 1293 1732 culmine,

251 1732 540 1772 discriminatis
558 1734 720 1772 inlitam
739 1735 953 1775 coloribus.
1284 1742 1362 1782 350

301 1787 384 1825 illic
402 1788 591 1827 sacerdos
611 1794 697 1827 stat
715 1796 876 1829 sacrato
894 1793 937 1829 in
954 1791 1110 1838 limine,

250 1841 442 1893 foresque
461 1845 613 1893 primas
632 1846 747 1896 virgo
765 1845 948 1884 custodit
967 1846 1088 1886 Fides

249 1898 402 1934 innexa
420 1899 552 1935 crines
571 1898 741 1936 vinculis
760 1900 990 1951 regalibus3

248 1953 380 2001 poscit
398 1951 508 1989 litari
528 1954 713 1990 victimas
733 1953 896 1993 Christo
917 1961 960 1993 et
980 1954 1093 1995 Patri

248 2018 349 2056 quas
369 2008 446 2044 scit
464 2006 642 2057 placere,
662 2008 917 2055 candidatas,
936 2011 1164 2062 simplices:
1280 2015 1357 2055 355

299 2058 444 2098 frontis
463 2061 679 2112 pudorem,
699 2062 830 2102 cordis
849 2066 1143 2113 innocentiam,

1406 2013 1456 2130 ’Ξ
