1456 2358
606 137 968 180 PRUDENTIUS

285 245 441 284 offensa
459 249 588 284 virtus
607 249 641 284 si
660 246 819 285 colatur
839 246 1049 291 Lemnius,

286 307 454 344 Iunonis
473 309 577 344 iram
595 309 751 344 sentiet
770 309 944 358 quisque
964 312 1011 345 ut
1030 306 1156 345 deum

284 369 401 419 signo
421 372 495 405 aut
513 366 664 404 sacello
683 369 931 404 consecrarit
951 366 1186 404 Herculem.
1320 368 1395 408 215

336 426 436 465 dicis
455 427 629 465 licenter
648 426 751 464 haec
769 432 916 478 poetas
937 427 1107 478 fingere,

284 487 358 525 sed
377 493 474 525 sunt
494 493 538 525 et
557 490 634 538 ipsi
653 487 806 525 talibus
825 490 1032 539 mysteriis

283 553 424 585 tecum
443 547 583 592 dicati,
604 547 798 598 quodque
818 547 1071 593 describunt,
1091 547 1244 586 colunt.

283 613 331 645 tu
350 620 422 645 cur
439 607 620 658 piaclum
638 613 727 645 tam
745 607 926 646 libenter
943 607 1136 646 lectitas?

283 681 355 705 cur
372 669 416 704 in
435 666 609 705 theatris
629 673 673 705 te
694 667 862 705 vidente
881 667 924 705 id
942 667 1181 718 plauditur?
1320 669 1396 708 220

336 740 494 779 cygnus
513 733 725 778 stuprator
743 733 890 778 peccat
908 730 1018 765 inter
1035 727 1211 779 pulpita,

284 787 411 825 saltat
429 787 663 826 Tonantem
682 790 959 826 tauricornem
978 787 1137 826 ludius:

283 853 494 898 spectator
512 847 659 885 horum
678 846 867 899 pontifex
886 861 1069 886 summus
1089 847 1208 887 sedes

281 907 474 959 ridesque
496 913 539 946 et
558 910 661 959 ipse,
681 921 757 946 nec
776 908 969 960 negando
988 908 1125 954 diluis,

282 981 377 1005 cum
396 967 508 1005 fama
527 971 635 1006 tanti
654 967 865 1019 polluatur
883 971 1074 1007 numinis.
1320 971 1396 1010 225

335 1040 407 1065 cur
425 1033 487 1073 tu,
507 1034 681 1073 sacrate,
701 1041 775 1079 per
794 1027 1013 1067 cachinnos
1032 1028 1199 1067 solveris

282 1101 377 1125 cum
395 1100 440 1126 se
459 1090 656 1126 maritum
676 1087 795 1140 fingit
815 1088 1042 1127 Alcmenae
1062 1088 1193 1127 deus?

283 1149 482 1186 meretrix
501 1148 694 1187 Adonem
713 1148 977 1187 vulneratum
995 1151 1183 1188 scaenica

281 1208 501 1246 libidinoso
519 1208 682 1260 plangit
702 1208 870 1247 adfectu
889 1209 1041 1260 palam,
1084 1255 1086 1257 ‚

283 1282 359 1306 nec
378 1274 422 1307 te
441 1268 616 1320 lupanar
635 1269 825 1321 Cypridis
844 1275 1014 1308 sanctae
1033 1271 1201 1309 movet?
1320 1272 1396 1311 230

336 1329 436 1380 quid
455 1329 566 1380 quod
585 1330 661 1368 sub
680 1332 776 1381 ipsis
796 1333 947 1369 veritas
967 1333 1092 1383 signis
1110 1337 1245 1383 patet,

282 1388 462 1427 formata
479 1392 522 1427 in
542 1403 637 1428 aere
657 1393 875 1428 criminum
894 1392 1106 1443 vestigiis?

283 1449 383 1501 quid
401 1449 491 1488 vult
509 1450 691 1501 sigillum
709 1463 873 1502 semper
893 1451 1075 1489 adfixum
1096 1452 1182 1490 Iovi

283 1512 367 1548 avis
387 1511 629 1548 ministrae?
664 1523 815 1563 nempe
835 1511 956 1549 velox
976 1515 1154 1565 armiger

281 1569 391 1616 leno,
411 1570 624 1609 exoletum
644 1574 714 1622 qui
733 1577 912 1623 tyranno
930 1573 1116 1623 pertulit.
1319 1575 1394 1614 235

335 1630 470 1669 facem
489 1633 671 1670 recincta
690 1638 806 1670 veste
826 1633 1066 1684 praetendit
1086 1633 1233 1672 Ceres:

284 1704 369 1736 cur,
389 1693 422 1728 si
442 1691 614 1729 deorum
633 1704 756 1730 nemo
775 1695 914 1744 rapuit
932 1695 1146 1745 virginem,

225 1803 239 1819 ‘¹
263 1799 410 1838 Vulcan,
424 1800 503 1832 who
520 1800 621 1833 when
639 1801 763 1834 hurled
780 1802 871 1834 from
889 1801 1025 1835 heaven
1043 1802 1092 1845 by
1108 1803 1251 1846 Jupiter
1266 1803 1396 1836 lauded

177 1853 223 1875 on
241 1843 303 1875 the
321 1843 435 1876 island
454 1844 493 1876 of
508 1844 659 1876 Lemnos
677 1845 796 1884 (Iliad,
817 1846 845 1883 Ι,
864 1847 990 1886 590-4)
1008 1846 1133 1885 which,
1152 1858 1191 1879 as
1208 1847 1255 1879 its
1297 1847 1396 1890 eople

178 1887 352 1919 camd-for
367 1887 452 1926 him,
469 1898 541 1920 was
556 1888 763 1920 afterwards
781 1889 801 1902 “
818 1889 865 1931 by
881 1889 935 1921 far
950 1890 1011 1922 the
1027 1890 1166 1923 dearest
1181 1891 1222 1924 of
1232 1901 1254 1923 a
1293 1891 1396 1924 lande

177 1933 216 1962 to
232 1930 306 1962 him
322 1931 343 1944 ’‘
360 1931 538 1973 (Odyssey,
556 1931 657 1970 VIII,
675 1934 767 1973 284).

224 1973 237 1994 ὸ
261 1974 329 2006 She
349 1974 458 2007 hated
479 1975 647 2007 Hercules
666 1976 758 2008 from
778 1977 831 2008 his
852 1977 958 2015 birth,
979 1977 1107 2010 indeed
1126 1978 1244 2011 before
1262 1979 1303 2018 it,
1323 1978 1395 2012 and

178 2017 240 2050 did
256 2018 318 2050 her
333 2022 440 2050 worst
456 2022 495 2051 to
513 2019 613 2062 bring
628 2020 768 2052 trouble
784 2031 829 2053 on
847 2020 930 2054 him.

226 2066 238 2082 ⁶
261 2061 325 2094 See
343 2062 469 2095 Contra
486 2062 618 2104 Symm.
637 2063 666 2101 1,
683 2064 808 2096 59-64.

182 2120 253 2155 244
