1456 2358
166 2127 239 2167 250

596 146 957 188 PRUDENTIUS

274 253 379 292 fabri
398 253 570 292 deorum
590 253 655 291 vel
673 259 868 305 parentes
888 257 1118 302 numinum,

274 316 344 365 qui
363 316 396 352 si
416 316 584 351 caminis
603 316 852 352 institissent
871 317 1051 367 segnius,

273 388 355 413 non
375 379 485 412 esset
504 374 610 412 ullus
632 374 820 426 Iuppiter
838 375 1067 414 conflatilis.
1307 379 1382 419 295

324 448 407 473 non
428 435 648 480 erubescis,
667 434 811 480 stulte,
829 449 938 488 pago
957 436 1114 482 dedite,

272 501 317 533 te
336 500 457 533 tanta
475 508 640 547 semper
657 494 885 546 perdidisse
905 496 1075 535 obsonia

273 568 381 606 quae
400 555 462 592 dis
481 557 647 606 ineptus
667 555 855 593 obtulisti
873 556 1040 602 talibus,

273 628 375 666 quos
394 615 533 661 trulla,
550 615 695 667 pelvis,
714 615 949 662 cantharus,
969 619 1213 669 sartagines,

272 675 404 714 fracta
424 680 467 713 et
485 675 645 727 liquata
663 675 929 714 contulerunt
947 676 1139 715 vascula?
1305 680 1382 719 300

323 738 490 787 ignosco
509 735 635 774 fatuis
655 735 758 774 haec
777 742 920 774 tamen
939 737 1191 789 vulgaribus,

273 810 374 848 quos
392 796 489 834 lana
506 802 638 834 terret
657 796 857 835 discolora
874 799 917 834 in
936 800 1093 849 stipite,

273 870 374 908 quos
394 869 518 907 saepe
538 855 663 894 falsus
683 857 900 895 circulator
919 857 1088 909 decipit,

273 918 421 968 quibus
444 929 566 955 omne
588 923 777 956 sanctum
801 923 878 964 est,
901 918 1012 969 quod
1033 919 1269 970 pavendum
1290 933 1382 958 ran-

325 977 442 1015 eidae

273 1037 563 1076 edentularum
582 1037 815 1076 cantilenae
834 1041 1051 1077 suaserint.
1305 1042 1381 1081 305

324 1111 394 1136 vos
415 1097 597 1136 eruditos
616 1100 740 1136 miror
760 1104 804 1136 et
822 1098 965 1137 doctos
984 1101 1104 1145 viros,

271 1171 476 1209 perpensa
494 1160 605 1196 vitae
625 1171 727 1209 quos
745 1159 954 1210 gubernat
972 1159 1130 1211 regula,

271 1220 428 1256 nescire
448 1217 514 1256 vel
532 1217 671 1256 divina
689 1218 755 1256 vel
773 1218 964 1256 mortalia

272 1292 353 1329 quo
371 1280 460 1316 iure
480 1284 686 1324 constent,
698 1284 865 1330 quanta
882 1282 1077 1318 maiestas
1096 1286 1217 1332 regat

272 1338 474 1390 quidquid
491 1344 678 1376 creatum
698 1344 776 1384 est,
796 1352 904 1390 quae
923 1342 1078 1378 creavit
1097 1337 1246 1379 onmia.
1304 1342 1382 1381 310
1452 1346 1456 1366 ’·

325 1399 439 1436 Deus
458 1401 666 1450 perennis,
684 1412 749 1437 res
768 1400 1095 1446 inaestimabilis,

270 1473 353 1497 non
372 1459 608 1510 cogitando,
627 1473 710 1497 non
728 1459 907 1498 videndo
925 1460 1144 1506 clauditur,

271 1519 438 1558 excedit
457 1532 623 1557 omnem
641 1522 793 1558 mentis
812 1519 1019 1558 humanae
1037 1520 1208 1559 modum

271 1593 347 1618 nec
366 1579 647 1631 conprehendi
665 1580 816 1618 visibus
836 1583 984 1619 nostris
1003 1580 1129 1627 valet,

272 1645 474 1691 extraque
495 1645 539 1678 et
556 1642 668 1678 intus
686 1639 820 1691 inplet
839 1653 886 1678 ac
905 1640 1133 1692 superfluit.
1302 1644 1379 1684 315

322 1699 619 1751 intemporalis,
639 1706 737 1739 ante
757 1714 883 1752 quam
900 1703 1055 1752 primus
1074 1701 1177 1748 dies,

272 1773 361 1798 esse
382 1766 426 1798 et
445 1759 570 1798 fuisse
589 1773 753 1812 semper
771 1774 877 1799 unus
896 1761 1082 1806 obtinet3

270 1820 341 1858 lux
360 1822 449 1871 ipse
468 1833 579 1866 vera,
598 1823 684 1858 veri
704 1826 748 1859 et
767 1826 910 1859 auctor
927 1820 1106 1867 luminis,

271 1894 365 1918 cum
382 1880 525 1918 lumen
544 1886 668 1926 esset,
686 1880 828 1919 lumen
848 1880 994 1919 effudit
1012 1895 1154 1920 suum:

271 1954 323 1978 ex
342 1940 434 1979 luce
453 1939 588 1992 fulgor
606 1946 728 1979 natus
747 1940 813 1979 hic
833 1946 897 1979 est
917 1941 1054 1980 Filius.
1301 1944 1380 1984 320

323 2003 382 2038 vis
402 2014 484 2038 una
504 1999 651 2046 Patris,
671 2003 729 2039 vis
750 2006 794 2039 et
812 2014 895 2039 una
914 2006 978 2040 est
998 2001 1090 2040 Filii

270 2074 464 2113 unusque.
480 2061 532 2100 ab
552 2075 633 2100 uno
651 2061 806 2101 lumine
825 2060 1019 2115 splendor
1036 2066 1150 2103 satus
