1456 2358
566 120 929 162 PRUDENTIUS

139 229 228 279 ipse
247 227 340 273 sibi,
360 226 514 279 placito
534 232 582 265 ut
600 232 742 279 posset
759 230 1019 279 requiescere
1038 227 1210 281 templo.

138 282 403 321 condideram
421 280 654 333 perfectum
672 281 904 327 hominem;
937 288 1125 334 spectare
1144 295 1323 335 superna

137 336 380 375 mandaram
398 339 498 375 totis
517 349 760 374 conversum
778 337 963 375 sensibus
982 339 1025 375 in
1043 350 1111 376 me
1279 338 1353 378 261

137 397 252 430 recto
270 391 417 430 habitu
436 391 628 442 celsoque
648 393 730 430 situ
751 397 794 430 et
813 391 988 430 sublime
1008 397 1223 439 tuentem·;

138 446 212 484 sed
230 446 423 498 despexit
441 445 614 484 humum
633 458 761 497 seque
779 446 991 485 inclinavit
1010 446 1064 485 ad
1081 447 1190 486 orbis

136 501 300 539 divitias
319 500 565 552 pepulitque
584 513 725 538 meum
744 500 796 539 de
815 507 984 553 pectore
1003 514 1170 540 numen.

137 555 418 594 restituendus
439 561 529 594 erat
548 555 761 600 mihimet;
795 558 1032 594 summissus
1051 557 1094 594 in
1111 555 1229 595 illum
1280 557 1357 600 265

137 609 313 661 Spiritus
331 612 420 661 ipse
439 622 556 648 meus
576 610 792 648 descendit
812 615 856 648 et
876 610 989 649 edita
1007 610 1105 649 limo

137 667 292 703 viscera
311 665 458 703 divinis
477 665 699 703 virtutibus
718 663 968 710 informavit,

136 722 302 771 iamque
325 719 536 757 hominem
560 718 827 771 adsumptum
851 733 1033 758 summus
1061 719 1176 758 Deus
1199 722 1243 758 in
1271 719 1357 758 dei-

239 780 375 813 tatem

135 829 349 868 transtulit
370 842 416 867 ac
436 834 576 867 nostro
596 828 736 867 docuit
756 829 1005 867 recalescere
1025 827 1182 867 cultu.”

182 886 284 922 scire
300 883 424 922 velim
439 889 664 935 praecepta
680 882 813 922 Patris
833 884 981 934 quibus
1002 883 1167 922 auribus
1186 883 1290 922 haec
1308 889 1358 922 tu

137 941 325 990 accipias,
347 938 479 976 Italae
499 952 642 976 censor
661 938 896 976 doctissime
915 940 1066 990 gentis.
1280 939 1354 978 271

137 1007 190 1031 an
209 999 395 1032 veterem
415 999 581 1031 tantum
600 1006 758 1030 morem
777 995 936 1031 ratione
956 992 1101 1031 relicta

137 1048 254 1100 eligis
275 1054 318 1086 et
338 1047 418 1085 dici
437 1048 479 1086 id
498 1050 656 1098 patitur
675 1050 872 1098 sapientis
893 1061 1067 1085 acumen

136 1105 433 1154 ingeniumque
453 1102 554 1140 viri?
575 1101 597 1115 “
618 1105 753 1153 potior
771 1102 871 1140 mihi
890 1104 1086 1153 pristinus
1106 1107 1170 1141 est
1188 1115 1276 1140 mos

137 1171 263 1208 quam
282 1160 347 1195 via
365 1159 564 1202 iustitiae,
582 1160 717 1208 pietas
737 1170 861 1208 quam
881 1156 1046 1208 prodita
1064 1156 1193 1202 caelo,
1279 1157 1355 1197 275

138 1225 346 1263 quamque
367 1211 468 1250 fides
488 1214 586 1257 veri,
606 1217 745 1249 rectae
766 1225 891 1262 quam
909 1211 1054 1263 regula
1073 1209 1255 1249 sectae.”

137 1269 184 1312 si,
204 1267 406 1318 quidquid
425 1266 594 1305 rudibus
613 1266 757 1304 mundi
776 1269 982 1304 nascentis
1001 1268 1043 1304 in
1063 1268 1179 1304 annis

137 1335 224 1360 mos
244 1321 404 1366 habuit,
425 1327 566 1359 sancte
586 1321 720 1359 colere
741 1334 787 1358 ac
806 1334 969 1359 servare
989 1333 1157 1359 neeesse
1177 1325 1256 1365 est,

137 1389 259 1414 omne
279 1375 535 1414 revolvamus
555 1389 629 1414 sua
647 1389 722 1427 per
740 1378 915 1427 vestigia
934 1375 1116 1413 saeclum

138 1444 268 1482 usque
289 1431 342 1468 ad
360 1433 619 1482 principium,
639 1430 802 1481 placeat
822 1430 1019 1468 damnare
1037 1429 1246 1481 gradatim
1281 1429 1359 1469 280

138 1485 340 1537 quidquid
358 1487 562 1536 posterius
582 1498 789 1523 successor
807 1486 991 1535 repperit
1011 1497 1118 1522 usus.

137 1540 236 1578 orbe
256 1553 361 1577 novo
381 1539 483 1577 nulli
502 1540 752 1591 subigebant
772 1552 868 1577 arva
886 1538 1041 1577 coloni:

138 1594 238 1645 quid
257 1595 334 1632 sibi
354 1600 491 1633 aratra
510 1594 681 1632 volunt?
717 1594 815 1644 quid
835 1607 932 1631 cura
952 1592 1159 1644 superflua
1177 1592 1327 1631 rastri?

135 1649 272 1700 ilignis
292 1649 438 1687 melius
458 1655 668 1687 saturatur
686 1648 904 1700 glandibus
925 1647 1051 1686 alvus.

137 1706 258 1755 primi
277 1703 463 1742 homines
483 1706 622 1742 cuneis
642 1703 887 1741 scindebant
906 1702 1028 1740 fissile
1046 1702 1228 1754 lignum:
1281 1702 1357 1743 285

188 1826 203 1841 ¹²
226 1821 299 1853 The
316 1832 454 1854 censors
470 1822 505 1853 in
519 1821 642 1854 earlier
653 1821 756 1853 times
769 1819 944 1853 exercised
960 1830 981 1852 a
993 1830 1075 1852 cura
1084 1830 1231 1858 morum,
1243 1817 1358 1852 which
1388 1856 1394 1863 „

142 1869 262 1897 meant
282 1865 543 1907 responsibility
565 1865 620 1897 for
638 1865 755 1906 seeing
774 1865 856 1897 that
875 1863 1090 1896 established
1110 1866 1265 1897 customs
1285 1862 1358 1895 and

142 1920 238 1951 ways
256 1908 297 1942 of
311 1909 505 1942 behaviour
521 1919 610 1941 were
628 1908 809 1941 observed.
857 1907 893 1941 It
909 1907 1103 1940 amounted
1119 1907 1156 1940 in
1173 1906 1300 1949 reality
1316 1910 1356 1940 to

143 1964 164 1985 a
180 1951 698 2039 ξᾶῗῗῑεέγρέἓὲῃῖνῖῑίοἲέἔιεὲἕξ
710 1951 891 2038 dleopliacltsibg
910 1994 1089 2037 primitive
1107 2005 1191 2028 man
1211 1994 1283 2028 and
1301 1993 1356 2027 his

141 2041 212 2079 life,
234 2041 306 2073 and
328 2040 372 2073 he
394 2041 423 2074 is
447 2040 545 2074 often
568 2040 791 2083 represented
813 2050 852 2072 as
878 2040 998 2083 eating
1019 2049 1153 2072 acorna.
1199 2038 1249 2072 At
1269 2037 1358 2072 lines

143 2104 190 2142 26
