1456 2358
167 2124 236 2162 116

594 142 956 183 PRUDENTIUS

327 265 455 289 unum
475 251 550 289 sed
568 264 687 290 orans
707 249 864 303 flagito,

272 306 527 344 indutiarum
546 305 776 357 paululum,

273 374 355 412 quo
374 360 525 412 fungar
545 360 746 398 efficacius

272 428 550 467 promlssmms
569 428 756 460 munere,

325 470 424 508 dum
443 475 536 508 tota
554 469 750 521 digestim
769 469 870 507 mihi

273 524 425 563 Christi
444 523 631 575 supellex
652 524 864 568 scribitur3

272 593 369 617 nam
389 578 630 617 calculanda
647 580 852 629 primitus,

271 639 363 672 tum
383 633 645 671 subnotanda
665 638 729 671 est
748 631 995 670 summula.’'

323 688 458 726 laetus
478 690 674 726 tumescit
692 687 846 739 gaudio

271 741 508 794 praefectus
528 755 575 780 ac
594 755 711 793 spem
727 741 743 765 1
762 742 946 787 devorat,

272 811 418 835 aurum
437 796 553 835 velut
571 799 654 834 iam
673 796 886 834 conditum

272 852 384 890 domi
403 857 593 889 maneret
611 853 807 903 gestiens.

323 909 521 959 pepigere
541 911 707 957 tempus
726 905 868 950 tridui,

271 961 464 999 laudatus
483 961 580 999 inde
601 959 825 998 absolvitur

272 1015 535 1060 Laurentius,
555 1028 725 1066 sponsor
744 1017 806 1053 sui

272 1076 315 1109 et
335 1083 505 1121 sponsor
522 1071 703 1122 ingentis
722 1069 835 1107 lucri.

322 1125 454 1163 tribus
473 1138 548 1175 per
567 1125 712 1162 urbem
732 1126 904 1162 cursitat

270 1180 417 1218 diebus
435 1179 598 1217 infirma
617 1181 784 1230 agmina

270 1247 497 1285 omnesque
517 1236 588 1285 qui
606 1239 782 1284 poscunt
801 1235 953 1283 stipem

270 1302 421 1341 cogens
440 1291 483 1326 in
501 1301 630 1326 unum
651 1294 694 1326 et
713 1300 981 1339 congregans.

322 1343 404 1381 illic
424 1345 608 1393 utrisque
628 1343 843 1380 obtutibus

270 1398 390 1436 orbes
409 1403 575 1435 cavatos
595 1395 833 1448 praeferens

270 1451 418 1490 baculo
436 1452 612 1504 regebat
630 1453 797 1503 praevio

271 1519 407 1545 errore
426 1505 647 1545 nutantem
666 1505 857 1558 gradum,

324 1567 367 1599 et
385 1560 555 1599 claudus
574 1559 750 1598 infracto
768 1573 894 1612 genu,

269 1615 335 1654 vel
354 1629 470 1654 crure
490 1621 635 1654 trunco
655 1618 848 1666 semipes,

269 1671 482 1709 breviorve
501 1669 646 1721 planta
665 1683 716 1707 ex
737 1669 869 1708 altera

268 1738 456 1777 gressum
475 1724 670 1763 trahebat
688 1726 888 1775 inparem.

323 1785 387 1817 est
405 1779 598 1818 ulcerosis
619 1779 789 1817 artubus

270 1836 341 1885 qui
360 1834 458 1872 tabe
479 1839 672 1884 corrupta
690 1832 806 1878 fluat,

269 1893 334 1926 est
353 1890 467 1926 cuius
488 1901 606 1926 arens
626 1887 801 1926 dextera

269 1955 415 1981 nervos
433 1944 476 1981 in
496 1942 635 1980 ulnam
655 1941 885 1980 contrahat.

321 1996 426 2035 tales
445 1997 595 2048 plateis
615 1997 803 2035 omnibus

270 2053 464 2103 exquirit,
485 2051 678 2090 adsuetos
698 2050 750 2090 ali

1309 253 1385 292 125

1309 525 1385 565 130

1307 798 1382 838 135

1306 1070 1383 1110 140

1306 1342 1380 1383 145

1305 1617 1379 1655 150

1304 1890 1378 1928 155
