1456 2358
162 2135 231 2172 272

597 140 959 182 PRUDENTIUS

274 261 438 287 crucem
457 254 624 287 vetusta
643 249 916 287 conbiberunt
935 247 1111 287 saecula.
1308 250 1384 289 630

325 303 498 342 tandem
516 306 685 342 retectis
705 303 871 342 vocibus
889 302 1140 355 propheticis

274 363 416 396 aetate
435 363 576 396 nostra
595 358 849 409 conprobata
868 360 1094 409 antiquitas

273 425 410 450 coram
428 411 591 451 refulsit
610 426 680 451 ore
699 411 977 464 conspicabili,

273 480 325 504 ne
345 465 567 505 fluctuaret
585 469 737 508 veritas
757 467 884 505 dubia
902 466 998 512 fide,

273 523 306 559 si
325 535 407 560 non
425 527 593 573 pateret
612 527 723 560 teste
742 524 830 559 visu
849 524 1089 560 comminus.
1307 523 1382 562 635

323 575 419 614 hinc
437 589 511 614 nos
531 582 575 615 et
593 579 728 627 ipsum
747 590 830 614 non
847 578 982 627 perire
1001 575 1206 614 credimus

271 644 431 681 corpus,
451 630 638 682 sepulcro
658 631 769 682 quod
788 630 1015 669 vorandum
1033 629 1226 676 traditur,

272 687 369 736 quia
388 684 574 723 Christus
592 687 636 723 in
654 698 698 723 se
718 690 928 723 mortuum
946 698 1092 736 corpus
1111 687 1221 723 cruci

271 752 411 777 secum
431 742 660 778 excitatum
679 742 793 778 vexit
813 739 865 778 ad
884 739 1032 778 solium
1051 737 1199 785 Patris,

271 796 462 845 viamque
482 797 639 832 cunctis
659 794 712 832 ad
730 794 1030 846 resurgendum
1049 793 1179 832 dedit.
1304 794 1381 834 640

322 862 421 886 crux
436 849 507 887 illa
521 854 662 887 nostra
678 854 756 894 est,
771 862 844 887 nos
859 847 1093 901 patibulum
1109 848 1382 895 ascendimus,

270 904 386 941 nobis
405 909 647 955 peremptus
667 903 852 942 Christus
873 909 918 942 et
935 903 1052 941 nobis
1073 902 1188 941 Deus

271 957 457 996 Christus
475 971 677 1003 reversus,
695 960 784 1009 ipse
804 960 875 1010 qui
892 960 1070 996 moriens
1089 957 1212 996 homo
1233 963 1310 1004 est,

269 1018 419 1050 natura
438 1013 615 1064 duplex:
649 1015 823 1050 moritur
842 1017 886 1050 et
904 1018 1082 1050 mortem
1100 1012 1258 1058 domat,

269 1067 461 1118 reditque
479 1070 523 1105 in
540 1067 644 1105 illud
664 1067 775 1118 quod
792 1069 927 1118 perire
946 1069 1116 1105 nesciat.
1304 1067 1379 1107 645

321 1122 473 1160 dixisse
492 1135 625 1173 pauca
643 1124 697 1160 sit
716 1124 815 1160 satis
834 1121 887 1159 de
906 1123 1090 1173 mysticis

269 1182 435 1214 nostrae
455 1176 598 1214 salutis
618 1176 754 1228 deque
773 1189 965 1227 processu
985 1178 1085 1227 spei.

268 1233 351 1268 iam
370 1233 453 1269 iam
472 1231 623 1269 silebo:
657 1233 902 1282 margaritas
921 1243 1116 1282 spargere

269 1285 421 1324 Christi
440 1291 630 1324 vetamur
647 1288 757 1324 inter
775 1285 994 1323 inmundos
1013 1298 1121 1330 sueS,

268 1339 476 1378 lutulenta
495 1346 684 1378 sanctum
703 1353 755 1378 ne
775 1345 915 1378 terant
935 1339 1140 1377 animalia.
1303 1341 1379 1380 650

320 1394 393 1433 sed
413 1397 510 1446 quia
527 1394 733 1446 profunda
751 1408 833 1432 non
851 1394 950 1432 licet
968 1393 1162 1432 luctarier

267 1452 427 1487 ratione
446 1455 601 1495 tecum,
620 1449 879 1487 consulamus
899 1451 1109 1499 proxima:

266 1506 547 1556 interrogetur
565 1507 655 1554 ipsa
672 1503 925 1542 naturalium

267 1558 442 1609 simplex
461 1561 549 1596 sine
570 1563 659 1596 arte
679 1571 875 1596 sensuum
893 1560 1126 1596 sententia:

267 1612 349 1651 fuci
368 1615 569 1664 inperitus
589 1612 654 1650 fac
673 1618 721 1650 ut
740 1612 848 1650 adsit
868 1612 1034 1650 arbiter.
1301 1614 1376 1653 655

318 1667 372 1705 da
391 1673 668 1718 septuennem
686 1669 848 1705 circiter
865 1679 1041 1718 puerum
1060 1672 1133 1705 aut
1152 1668 1301 1712 minus,

267 1725 337 1773 qui
357 1725 410 1760 sit
429 1721 577 1760 favoris
595 1721 700 1759 liber
720 1727 763 1760 et
782 1735 865 1759 non
883 1721 1018 1759 oderit

267 1790 518 1828 quemquam
537 1789 614 1814 nec
633 1776 762 1814 ullum
781 1778 932 1814 mentis
951 1778 993 1813 in
1012 1777 1158 1814 vitium
1177 1775 1312 1814 cadat.

266 1831 547 1882 periclitemur
566 1830 665 1881 quid
684 1843 827 1868 recens
845 1829 1022 1868 infantia

265 1886 377 1924 dicat
396 1885 669 1937 sequendum,
689 1884 788 1936 quid
806 1898 935 1923 novus
954 1886 1089 1936 sapiat
1107 1883 1264 1936 vigor.’'
1298 1886 1375 1925 660

316 1940 422 1978 hanc
440 1940 510 1978 ille
529 1942 661 1978 sancti
680 1941 871 1991 martyris
891 1951 1034 1977 vocem
1052 1939 1184 1977 libens

265 1994 479 2046 amplexus
499 2008 627 2032 unum
646 1994 698 2032 de
719 1999 885 2032 caterva
903 1992 1125 2031 infantium

264 2063 435 2101 parvum
455 2062 532 2087 nec
551 2048 648 2087 olim
666 2048 775 2087 lacte
795 2047 1013 2099 depulsum
1033 2050 1124 2099 capi
