1456 2358
209 2137 279 2175 342

611 139 973 179 PRUDENTIUS

291 251 517 299 praecepta
535 248 684 284 summi
703 247 818 298 regia
836 243 1072 297 principis.'’

292 307 340 340 ut
358 301 462 340 vidit
481 301 623 353 Agnes
643 306 753 339 stare
773 306 934 338 trucem
953 303 1085 338 virum

292 369 488 394 mucrone
507 355 633 401 nudo,
652 355 800 393 laetior
818 354 921 393 haec
940 357 1022 393 ait:

295 410 317 424 “
339 410 481 449 exulto
500 410 595 448 talis
615 409 726 461 quod
744 412 882 461 potius
901 412 1016 448 venit

294 479 483 510 vesanus,
503 470 636 509 atrox,
655 464 845 502 turbidus
866 466 1057 516 armiger,

296 533 421 571 quam
440 522 473 557 si
492 521 653 557 veniret
671 519 890 571 languidus
911 532 957 556 ac
976 524 1097 557 tener

295 574 513 625 mollisque
533 572 718 625 ephebus
737 576 892 612 tinctus
912 578 1112 618 aromate,

297 632 368 680 qui
386 642 454 667 me
473 627 640 680 pudoris
659 627 805 666 funere
824 627 1032 679 perderet.

297 684 377 729 hic,
395 683 461 721 hic
481 689 642 721 amator
659 685 757 728 iam,
776 682 925 728 fateor,
943 682 1105 734 placet:

298 739 366 777 ibo
385 740 586 776 inruentis
605 738 813 790 gressibus
832 737 1010 783 obviam,

299 806 375 831 nec
395 793 640 831 demorabor
658 797 756 830 vota
774 791 976 830 calentia:

299 847 454 885 ferrum
472 850 515 885 in
533 846 707 898 papillas
727 859 849 884 omne
868 859 1064 897 recepero

299 908 529 954 pectusque
549 901 602 939 ad
620 904 749 939 imum
768 903 850 939 vim
868 901 996 953 gladii
1014 900 1190 939 traham.

300 959 357 995 sic
375 962 508 1008 nupta
527 956 690 994 Christo
709 955 937 994 transiliam
956 955 1040 1007 poli

302 1024 444 1050 omnes
464 1011 659 1050 tenebras
679 1010 850 1048 aethere
870 1010 1026 1048 celsior.

303 1072 474 1104 aeterne
493 1071 642 1110 rector,
662 1065 800 1103 divide
819 1067 962 1103 ianuas

303 1120 407 1159 caeli
426 1121 638 1159 obseratas
658 1122 876 1171 terrigenis
895 1122 1021 1171 prius,

304 1189 351 1213 ac
370 1181 414 1213 te
434 1180 695 1227 sequentem,
715 1174 893 1219 Christe,
913 1176 1093 1212 animam
1112 1186 1226 1219 voca,

304 1244 398 1268 cum
417 1229 673 1282 virginalem,
692 1235 783 1267 tum
804 1227 937 1267 Patris
956 1226 1177 1267 hostiam.'’

304 1287 361 1323 sic
380 1284 468 1322 fata
487 1283 697 1322 Christum
716 1286 870 1322 vertice
890 1296 1042 1321 cernuo

305 1339 479 1390 supplex
500 1338 659 1383 adorat,
679 1338 826 1376 vulnus
845 1343 893 1376 ut
910 1340 1115 1376 inminens

306 1396 443 1432 cervix
462 1394 621 1431 subiret
639 1406 769 1444 prona
787 1395 984 1444 paratius.

307 1454 371 1486 ast
389 1448 458 1486 ille
478 1453 642 1486 tantam
660 1460 778 1498 spem
796 1449 961 1499 peragit
978 1460 1119 1492 manu,

307 1517 389 1541 uno
409 1503 485 1540 sub
504 1505 588 1540 ictu
609 1515 705 1540 nam
725 1507 851 1553 caput
871 1507 1085 1553 amputat3

307 1571 473 1596 sensum
492 1556 642 1595 doloris
661 1570 769 1595 mors
788 1559 871 1594 cita
890 1558 1118 1607 praevenit.

309 1618 459 1651 exutus
478 1611 574 1650 inde
595 1614 761 1663 spiritus
782 1614 934 1649 emicat

307 1668 494 1719 liberque
513 1669 556 1705 in
576 1680 694 1704 auras
715 1665 845 1704 exilit.
901 1664 1039 1717 angeli

309 1735 501 1774 saepsere
521 1727 692 1760 euntem
711 1723 879 1759 tramite
899 1719 1088 1758 candido.

310 1780 483 1815 miratur
502 1777 644 1815 orbem
664 1776 740 1813 sub
759 1775 934 1826 pedibus
954 1777 1094 1819 situm,

310 1837 473 1883 spectat
492 1831 687 1869 tenebras
708 1830 837 1868 ardua
856 1829 1042 1868 subditas

311 1887 502 1937 ridetque
522 1885 616 1923 solis
637 1884 747 1935 quod
766 1890 858 1922 rota
876 1886 1034 1928 circuit,

312 1941 422 1992 quod
441 1939 618 1978 mundus
638 1942 769 1977 omnis
788 1938 915 1977 volvit
935 1943 979 1976 et
997 1937 1182 1989 inplicat,

312 2009 449 2034 rerum
469 1994 579 2046 quod
600 1999 689 2032 atro
708 1994 875 2032 turbine
894 1994 1058 2037 vivitur,

314 2051 423 2102 quod
443 2063 548 2088 vana
567 2048 689 2087 saecli
709 2048 916 2086 mobilitas
936 2049 1067 2099 rapit:

1353 463 1407 502 70

1358 736 1408 776 75

1361 1009 1413 1048 80

1363 1282 1414 1322 85

1369 1829 1420 1868 95
