1456 2358
180 2090 249 2128 128

609 104 972 147 PRUDENTIUS

339 212 453 258 dicis,
473 212 481 226 ⁴
501 212 681 251 libenter
699 219 911 265 oppetam,

287 269 425 305 votiva
443 280 551 306 mors
571 273 636 306 est
653 267 854 320 martyri.’

288 327 352 360 est
371 324 452 360 ista
470 322 598 368 vobis,
617 325 818 369 novimus,

286 378 560 427 persuasionis
578 379 751 415 vanitas.

339 431 413 469 sed
431 445 514 469 non
532 428 687 470 volenti
705 434 927 484 inpertiam

285 491 522 537 praestetur
540 492 588 525 ut
606 489 749 525 mortis
769 489 877 525 citae

285 540 584 591 conpendiosus
605 543 755 586 exitus,

285 597 420 646 perire
438 597 590 646 raptim
609 609 691 633 non
710 595 830 634 dabo.

337 651 465 687 vitam
484 650 638 688 tenebo
659 655 702 688 et
720 649 907 689 differam

284 706 428 755 poenis
446 718 653 743 morarum
671 705 850 757 iugibus,

286 764 330 797 et
347 772 456 797 mors
475 759 769 798 inextricabilis

284 812 427 866 longos
447 813 607 852 dolores
626 813 854 865 protrahet.

336 881 488 920 prunas
508 874 702 920 tepentes
722 871 911 916 sternite,

284 936 337 961 ne
356 921 492 961 fervor
509 925 664 975 ignitus
683 925 803 962 nimis

285 991 329 1016 os
348 980 600 1016 contumacis
619 984 794 1029 occupet

285 1038 329 1071 et
348 1032 480 1071 cordis
498 1034 628 1071 intret
646 1032 802 1071 abdita.

335 1100 463 1138 vapor
479 1099 698 1126 senescens
716 1086 930 1140 langueat,

285 1144 355 1192 qui
374 1140 488 1180 fusus
507 1140 664 1180 adflatu
682 1141 763 1180 levi

283 1201 494 1235 tormenta
512 1199 664 1234 sensim
681 1201 892 1248 temperet

283 1251 546 1289 semustulati
564 1253 754 1302 corporis.

334 1305 442 1344 bene
463 1311 527 1344 est
546 1305 657 1357 quod
674 1307 762 1357 ipse
783 1318 835 1344 ex
854 1306 1044 1345 omnibus

282 1359 599 1412 mysteriarches
617 1360 784 1405 incidit;

282 1415 349 1453 hic
366 1413 475 1453 solus
495 1413 733 1466 exemplum
752 1414 870 1453 dabit

284 1469 384 1520 quid
401 1483 498 1508 mox
516 1471 665 1507 timere
684 1468 880 1508 debeant.

334 1523 563 1574 conscende
583 1529 838 1562 constratum
856 1537 1018 1576 rogum,

282 1578 485 1617 decumbe
504 1578 630 1630 digno
648 1577 825 1624 lectulo;

281 1638 396 1678 tunc,
415 1635 448 1672 si
466 1632 627 1679 libebit,
646 1632 814 1684 disputa

282 1687 339 1726 nil
359 1700 448 1726 esse
467 1686 697 1726 Vulcanum
715 1686 899 1726 meum.'’

333 1742 435 1781 haec
454 1741 570 1780 fante
590 1741 802 1794 praefecto
820 1748 958 1781 truces

281 1797 375 1835 hinc
394 1796 491 1835 inde
510 1802 687 1835 tortores
706 1802 855 1848 parant

281 1851 438 1890 nudare
459 1853 612 1889 amictu
630 1856 871 1903 martyrem,

281 1908 432 1944 vincire
450 1906 638 1944 membra
657 1911 701 1944 et
719 1905 907 1945 tendere.

331 1960 391 1999 illi
409 1974 453 1999 os
472 1959 620 1999 decore
640 1959 850 2012 splenduit

280 2014 497 2067 fulgorque
517 2013 784 2054 circumfusus
804 2020 881 2054 est.

1315 545 1456 586 335.

1314 817 1394 874 ³40

1314 1090 1391 1132 345

1312 1363 1391 1404 350

1311 1636 1389 1677 355

1310 1909 1388 1949 360
