1456 2358
571 109 934 150 PRUDENTIUS

144 227 220 266 per
253 215 364 266 quod
395 217 476 254 iter
509 229 733 267 properans
768 221 838 254 eat
871 215 925 254 ad
958 221 1046 255 tam
1078 216 1237 269 grande
1269 229 1363 269 pro-

254 269 472 308 fundum.”

195 323 269 362 his·
278 330 366 362 tam
385 324 612 377 magnificis
631 330 835 376 tantaque
854 323 1077 363 fluentibus
1097 331 1187 364 arte
1311 327 1359 366 91

143 379 358 430 respondit
375 379 442 417 vel
460 379 546 418 sola
566 379 687 418 Fides
707 379 942 418 doctissima
959 382 1138 431 primum
1212 418 1216 423 ⁴

144 433 327 484 pandere
346 434 597 472 vestibulum
616 447 738 472 verae
758 434 811 472 ad
829 434 1060 485 penetralia
1078 440 1231 473 sectae.

143 501 241 525 nam
259 501 354 526 cum
372 489 518 526 divinis
539 491 697 540 agimus
718 488 770 527 de
789 490 911 527 rebus
932 494 976 527 et
993 489 1124 535 illum,

144 544 214 593 qui
234 542 299 580 vel
317 545 516 594 principio
536 546 668 582 caruit
686 543 752 581 vel
771 543 852 582 fine
871 544 1029 582 carebit
1312 546 1362 585 95

143 599 297 648 quique
317 597 419 636 chao
439 600 619 636 anterior
638 597 765 636 fuerit
783 598 1067 649 mundumque
1086 601 1250 644 crearit,

142 654 375 690 coniectare
395 655 532 690 animo
551 653 854 698 contendimus,
874 655 1025 704 exigua
1044 658 1108 691 est
1126 655 1186 691 vis

142 705 312 744 humani
330 709 486 759 ingenii
505 713 708 759 tantoque
728 713 905 759 angusta
923 707 1064 746 labori.

142 763 296 813 quippe
315 764 448 800 minor
466 768 615 800 natura
635 764 766 800 aciem
785 765 818 800 si
836 762 1054 800 intendere
1073 767 1258 814 temptet

142 818 273 854 acrius
294 830 340 854 ac
359 822 579 868 penetrare
601 817 681 854 Dei
701 822 861 855 secreta
880 819 1074 868 supremi,
1287 819 1361 858 100

142 873 232 922 quis
251 871 418 910 dubitet
437 874 545 910 victo
565 870 754 923 fragilem
773 871 994 909 lassescere
1014 874 1102 910 visu

141 927 306 977 vimque
326 925 529 977 fatigatae
549 928 700 964 mentis
720 927 796 964 sub
815 932 984 977 pectore
1003 940 1129 977 parvo

139 981 298 1018 turbari
316 981 587 1032 invalidisque
607 980 805 1018 hebetem
824 981 1096 1019 subcumbere
1116 981 1250 1020 euris?

140 1034 214 1073 sed
234 1034 362 1073 facilis
383 1035 479 1074 fidei
499 1038 563 1073 via
582 1041 777 1086 provocat
797 1038 1127 1086 omnipotentem
1262 1071 1264 1074 .

141 1090 310 1128 credere
330 1092 401 1141 qui
420 1091 529 1128 bona
547 1104 629 1128 non
649 1096 816 1128 tantum
834 1092 1071 1141 praesentia
1089 1090 1232 1136 donat,
1286 1092 1359 1131 105

140 1144 214 1182 sed
233 1150 409 1183 ventura
428 1147 556 1183 etiam
574 1144 789 1196 longisque
808 1147 1031 1182 intermina
1049 1144 1192 1183 saeclis

138 1201 360 1249 promittit,
380 1212 433 1237 ne
452 1205 566 1238 totus
587 1212 679 1237 eam
698 1199 902 1237 resolutus
921 1201 1044 1238 inane

137 1255 180 1290 in
199 1253 372 1292 nihilum
391 1267 643 1305 pereamque
662 1254 832 1292 brevem
850 1259 945 1304 post
963 1253 1127 1292 luminis
1147 1267 1279 1292 usum.

138 1311 319 1346 muneris
339 1307 579 1347 auctorem1
599 1311 687 1359 ipso
707 1308 759 1346 de
779 1321 950 1346 munere
970 1309 1150 1359 pendas:

139 1368 311 1401 aeterna
330 1369 524 1402 aeternus
543 1363 704 1408 tribuit,
724 1363 915 1401 mortalia
933 1361 1094 1402 confert
1285 1365 1360 1404 110

137 1417 336 1463 mortalis,
356 1418 494 1456 divina
514 1418 644 1463 Deus,
663 1420 847 1469 peritura
867 1417 1056 1456 caducus.

138 1474 275 1510 omnia
295 1485 402 1523 quae
422 1478 588 1523 tempus
607 1474 771 1524 peragit
791 1485 982 1523 quaeque
1003 1474 1138 1511 exitus
1158 1471 1296 1511 aufert

137 1526 233 1564 vilia
251 1533 349 1565 sunt
367 1528 574 1566 brevitate
594 1529 671 1572 sui,
690 1540 766 1565 nec
786 1527 912 1578 digna
930 1529 1103 1578 perenni

135 1580 346 1632 largitore,
366 1584 431 1620 cui
450 1584 614 1633 propria
635 1587 698 1619 est
718 1581 931 1633 opulentia
949 1595 1175 1632 numquam

137 1635 325 1674 desinere
336 1636 461 1688 idque
474 1636 629 1674 homini
640 1637 739 1674 dare
754 1636 864 1688 quod
878 1650 960 1674 non
970 1636 1132 1674 desinat
1147 1649 1356 1687 umquam.

475 1733 488 1752 1
504 1732 603 1764 Some
620 1731 728 1765 MSS.
747 1731 829 1764 have
846 1735 1017 1765 auctores,

185 1896 199 1911 ¹¹
222 1891 274 1923 Ib.
297 1892 317 1924 9
337 1891 408 1923 and
432 1893 484 1924 10.
533 1891 767 1934 Symmachus
788 1902 914 1933 argues
934 1891 1015 1923 that
1035 1891 1096 1923 the
1117 1890 1219 1923 claim
1238 1889 1280 1923 of
1294 1889 1356 1923 the

137 1935 196 1967 old
216 1935 359 1977 religion
382 1936 410 1967 is
431 1936 626 1977 supported
648 1936 694 1977 by
716 1936 763 1967 its
784 1936 865 1977 long
886 1935 1040 1977 history3
1074 1935 1103 1967 it
1123 1945 1195 1967 was
1215 1934 1277 1967 the
1297 1934 1355 1967 old

136 1979 223 2020 gods
241 1979 319 2011 who
337 1980 445 2011 saved
465 1980 577 2012 Rome
595 1980 685 2011 from
706 1979 885 2011 Hannibal
903 1979 974 2010 and
991 1978 1053 2011 the
1072 1978 1198 2017 Gauls;
1229 1978 1302 2011 and
1318 1978 1354 2010 in

136 2022 198 2055 the
215 2023 316 2065 spirit
333 2023 373 2055 of
386 2024 607 2065 syneretistie
624 2023 859 2056 monotheism
876 2022 988 2055 which
1005 2033 1076 2054 was
1094 2022 1355 2055 characteristic

140 2098 186 2133 14
