<?xml version="1.0" encoding="UTF-8"?>
<!DOCTYPE html PUBLIC "-//W3C//DTD XHTML 1.0 Transitional//EN"
    "http://www.w3.org/TR/xhtml1/DTD/xhtml1-transitional.dtd">
<html xmlns="http://www.w3.org/1999/xhtml" xml:lang="en" lang="en">
 <head>
  <title>
</title>
<meta http-equiv="Content-Type" content="text/html;charset=utf-8" />
  <meta name='ocr-system' content='tesseract 3.04.00' />
  <meta name='ocr-capabilities' content='ocr_page ocr_carea ocr_par ocr_line ocrx_word'/>
</head>
<body>
  <div class='ocr_page' id='page_1' title='image "./prudentius00pruduoft_0222.png"; bbox 0 0 1456 2358; ppageno 0'>
   <div class='ocr_carea' id='block_1_1' title="bbox 155 2126 228 2152">
    <p class='ocr_par' dir='ltr' id='par_1_1' title="bbox 155 2126 228 2152">
     <span class='ocr_line' id='line_1_1' title="bbox 155 2126 228 2152; baseline 0 0"><span class='ocrx_word' id='word_1_1' title='bbox 155 2126 228 2152; x_wconf 88' lang='lat'>210</span> 
     </span>
    </p>
   </div>
   <div class='ocr_carea' id='block_1_2' title="bbox 596 149 958 192">
    <p class='ocr_par' dir='ltr' id='par_1_2' title="bbox 596 149 958 192">
     <span class='ocr_line' id='line_1_2' title="bbox 596 149 958 192; baseline 0.008 -4"><span class='ocrx_word' id='word_1_2' title='bbox 596 149 958 192; x_wconf 87' lang='lat' dir='ltr'>PRUDENTIUS</span> 
     </span>
    </p>
   </div>
   <div class='ocr_carea' id='block_1_3' title="bbox 266 255 1152 609">
    <p class='ocr_par' dir='ltr' id='par_1_3' title="bbox 266 255 1152 609">
     <span class='ocr_line' id='line_1_3' title="bbox 271 255 1058 308; baseline 0.006 -14"><span class='ocrx_word' id='word_1_3' title='bbox 271 255 530 295; x_wconf 90' lang='lat' dir='ltr'>flammarum</span> <span class='ocrx_word' id='word_1_4' title='bbox 549 257 856 308; x_wconf 77' lang='lat' dir='ltr'><strong>trepidantibus</strong></span> <span class='ocrx_word' id='word_1_5' title='bbox 875 262 1058 299; x_wconf 85' lang='lat' dir='ltr'>caminis.</span> 
     </span>
     <span class='ocr_line' id='line_1_4' title="bbox 321 317 1147 370; baseline 0.007 -16"><span class='ocrx_word' id='word_1_6' title='bbox 321 330 453 355; x_wconf 87' lang='lat' dir='ltr'>nexus</span> <span class='ocrx_word' id='word_1_7' title='bbox 473 317 669 369; x_wconf 87' lang='lat' dir='ltr'>denique,</span> <span class='ocrx_word' id='word_1_8' title='bbox 689 321 760 370; x_wconf 90' lang='lat' dir='ltr'>qui</span> <span class='ocrx_word' id='word_1_9' title='bbox 779 332 925 358; x_wconf 85' lang='lat' dir='ltr'>manus</span> <span class='ocrx_word' id='word_1_10' title='bbox 944 326 1147 359; x_wconf 85' lang='lat' dir='ltr'>retrorsus</span> 
     </span>
     <span class='ocr_line' id='line_1_5' title="bbox 269 379 1051 429; baseline 0.006 -15"><span class='ocrx_word' id='word_1_11' title='bbox 269 379 312 415; x_wconf 92' lang='lat' dir='ltr'>in</span> <span class='ocrx_word' id='word_1_12' title='bbox 330 382 498 429; x_wconf 90' lang='lat' dir='ltr'>tergum</span> <span class='ocrx_word' id='word_1_13' title='bbox 516 385 813 418; x_wconf 79' lang='lat' dir='ltr'>revocaverant</span> <span class='ocrx_word' id='word_1_14' title='bbox 831 383 1051 427; x_wconf 87' lang='lat' dir='ltr'>revinctas,</span> 
     </span>
     <span class='ocr_line' id='line_1_6' title="bbox 268 438 934 479; baseline 0.006 -4"><span class='ocrx_word' id='word_1_15' title='bbox 268 440 428 476; x_wconf 89' lang='lat' dir='ltr'>intacta</span> <span class='ocrx_word' id='word_1_16' title='bbox 447 444 543 477; x_wconf 90' lang='lat' dir='ltr'>cute</span> <span class='ocrx_word' id='word_1_17' title='bbox 563 438 764 478; x_wconf 89' lang='lat' dir='ltr'>decidunt</span> <span class='ocrx_word' id='word_1_18' title='bbox 784 440 934 479; x_wconf 88' lang='lat' dir='ltr'>adusti.</span> 
     </span>
     <span class='ocr_line' id='line_1_7' title="bbox 320 499 1152 553; baseline 0.007 -18"><span class='ocrx_word' id='word_1_19' title='bbox 320 511 403 536; x_wconf 92' lang='lat' dir='ltr'>non</span> <span class='ocrx_word' id='word_1_20' title='bbox 423 511 523 536; x_wconf 87' lang='lat' dir='ltr'>ausa</span> <span class='ocrx_word' id='word_1_21' title='bbox 543 505 608 537; x_wconf 91' lang='lat' dir='ltr'>est</span> <span class='ocrx_word' id='word_1_22' title='bbox 627 499 820 538; x_wconf 89' lang='lat' dir='ltr'>cohibere</span> <span class='ocrx_word' id='word_1_23' title='bbox 839 514 976 552; x_wconf 90' lang='lat' dir='ltr'>poena</span> <span class='ocrx_word' id='word_1_24' title='bbox 994 502 1152 553; x_wconf 90' lang='lat' dir='ltr'>palmas</span> 
     </span>
     <span class='ocr_line' id='line_1_8' title="bbox 266 559 1134 609; baseline 0.006 -13"><span class='ocrx_word' id='word_1_25' title='bbox 266 561 309 596; x_wconf 91' lang='lat' dir='ltr'>in</span> <span class='ocrx_word' id='word_1_26' title='bbox 328 572 487 597; x_wconf 87' lang='lat' dir='ltr'>morem</span> <span class='ocrx_word' id='word_1_27' title='bbox 506 562 635 597; x_wconf 86' lang='lat' dir='ltr'>crucis</span> <span class='ocrx_word' id='word_1_28' title='bbox 656 560 709 598; x_wconf 90' lang='lat' dir='ltr'>ad</span> <span class='ocrx_word' id='word_1_29' title='bbox 728 559 896 599; x_wconf 88' lang='lat' dir='ltr'>Patrem</span> <span class='ocrx_word' id='word_1_30' title='bbox 914 561 1134 609; x_wconf 87' lang='lat' dir='ltr'>levandas;</span> 
     </span>
    </p>
   </div>
   <div class='ocr_carea' id='block_1_4' title="bbox 267 618 1155 673">
    <p class='ocr_par' dir='ltr' id='par_1_4' title="bbox 267 618 1155 673">
     <span class='ocr_line' id='line_1_9' title="bbox 267 618 1155 673; baseline 0.006 -17"><span class='ocrx_word' id='word_1_31' title='bbox 267 618 389 657; x_wconf 90' lang='lat' dir='ltr'>solvit</span> <span class='ocrx_word' id='word_1_32' title='bbox 407 619 612 665; x_wconf 88' lang='lat' dir='ltr'>bracchia,</span> <span class='ocrx_word' id='word_1_33' title='bbox 632 633 740 671; x_wconf 90' lang='lat' dir='ltr'>quae</span> <span class='ocrx_word' id='word_1_34' title='bbox 761 621 900 659; x_wconf 90' lang='lat' dir='ltr'>Deum</span> <span class='ocrx_word' id='word_1_35' title='bbox 919 628 1155 673; x_wconf 80' lang='lat' dir='ltr'>precentur.</span> 
     </span>
    </p>
   </div>
   <div class='ocr_carea' id='block_1_5' title="bbox 261 681 1124 2058">
    <p class='ocr_par' dir='ltr' id='par_1_5' title="bbox 261 681 1124 2058">
     <span class='ocr_line' id='line_1_10' title="bbox 318 681 1124 734; baseline 0.005 -17"><span class='ocrx_word' id='word_1_36' title='bbox 318 681 545 730; x_wconf 89' lang='lat' dir='ltr'>priscorum</span> <span class='ocrx_word' id='word_1_37' title='bbox 563 683 774 731; x_wconf 88' lang='lat' dir='ltr'>specimen</span> <span class='ocrx_word' id='word_1_38' title='bbox 793 684 920 720; x_wconf 87' lang='lat' dir='ltr'>trium</span> <span class='ocrx_word' id='word_1_39' title='bbox 939 688 1124 734; x_wconf 89' lang='lat' dir='ltr'>putares,</span> 
     </span>
     <span class='ocr_line' id='line_1_11' title="bbox 267 739 1059 795; baseline 0.006 -19"><span class='ocrx_word' id='word_1_40' title='bbox 267 752 368 790; x_wconf 89' lang='lat' dir='ltr'>quos</span> <span class='ocrx_word' id='word_1_41' title='bbox 388 739 487 778; x_wconf 92' lang='lat' dir='ltr'>olim</span> <span class='ocrx_word' id='word_1_42' title='bbox 506 739 806 792; x_wconf 88' lang='lat' dir='ltr'>Babylonicum</span> <span class='ocrx_word' id='word_1_43' title='bbox 824 755 899 794; x_wconf 90' lang='lat' dir='ltr'>per</span> <span class='ocrx_word' id='word_1_44' title='bbox 917 745 1059 795; x_wconf 84' lang='lat' dir='ltr'>ignem</span> 
     </span>
     <span class='ocr_line' id='line_1_12' title="bbox 265 804 1105 855; baseline 0.006 -18"><span class='ocrx_word' id='word_1_45' title='bbox 265 805 484 838; x_wconf 90' lang='lat' dir='ltr'>cantantes</span> <span class='ocrx_word' id='word_1_46' title='bbox 505 804 668 852; x_wconf 91' lang='lat' dir='ltr'>stupuit</span> <span class='ocrx_word' id='word_1_47' title='bbox 686 807 871 841; x_wconf 89' lang='lat' dir='ltr'>tremens</span> <span class='ocrx_word' id='word_1_48' title='bbox 890 808 1105 855; x_wconf 87' lang='lat' dir='ltr'>tyrannus.</span> 
     </span>
     <span class='ocr_line' id='line_1_13' title="bbox 316 859 1091 915; baseline 0.006 -18"><span class='ocrx_word' id='word_1_49' title='bbox 316 859 398 898; x_wconf 91' lang='lat' dir='ltr'>illis</span> <span class='ocrx_word' id='word_1_50' title='bbox 417 860 491 898; x_wconf 90' lang='lat' dir='ltr'>sed</span> <span class='ocrx_word' id='word_1_51' title='bbox 509 863 579 912; x_wconf 92' lang='lat' dir='ltr'>pia</span> <span class='ocrx_word' id='word_1_52' title='bbox 598 860 765 900; x_wconf 89' lang='lat' dir='ltr'>flamma</span> <span class='ocrx_word' id='word_1_53' title='bbox 783 868 883 901; x_wconf 88' lang='lat' dir='ltr'>tunc</span> <span class='ocrx_word' id='word_1_54' title='bbox 902 866 1091 915; x_wconf 76' lang='lat' dir='ltr'>pepercit</span> 
     </span>
     <span class='ocr_line' id='line_1_14' title="bbox 265 920 1013 974; baseline 0.007 -17"><span class='ocrx_word' id='word_1_55' title='bbox 265 920 449 958; x_wconf 91' lang='lat' dir='ltr'>nondum</span> <span class='ocrx_word' id='word_1_56' title='bbox 468 926 658 972; x_wconf 89' lang='lat' dir='ltr'>tempore</span> <span class='ocrx_word' id='word_1_57' title='bbox 678 925 878 973; x_wconf 89' lang='lat' dir='ltr'>passionis</span> <span class='ocrx_word' id='word_1_58' title='bbox 898 929 1013 974; x_wconf 88' lang='lat' dir='ltr'>apto,</span> 
     </span>
     <span class='ocr_line' id='line_1_15' title="bbox 264 981 1090 1023; baseline 0.006 -5"><span class='ocrx_word' id='word_1_59' title='bbox 264 993 342 1018; x_wconf 91' lang='lat' dir='ltr'>nec</span> <span class='ocrx_word' id='word_1_60' title='bbox 360 983 504 1019; x_wconf 91' lang='lat' dir='ltr'>mortis</span> <span class='ocrx_word' id='word_1_61' title='bbox 524 981 650 1020; x_wconf 92' lang='lat' dir='ltr'>decus</span> <span class='ocrx_word' id='word_1_62' title='bbox 669 982 892 1021; x_wconf 85' lang='lat' dir='ltr'>inchoante</span> <span class='ocrx_word' id='word_1_63' title='bbox 913 983 1090 1023; x_wconf 87' lang='lat' dir='ltr'>Christo.</span> 
     </span>
     <span class='ocr_line' id='line_1_16' title="bbox 316 1040 1096 1094; baseline 0.005 -16"><span class='ocrx_word' id='word_1_64' title='bbox 316 1040 390 1078; x_wconf 93' lang='lat' dir='ltr'>hos</span> <span class='ocrx_word' id='word_1_65' title='bbox 410 1054 504 1079; x_wconf 91' lang='lat' dir='ltr'>cum</span> <span class='ocrx_word' id='word_1_66' title='bbox 523 1040 746 1094; x_wconf 85' lang='lat' dir='ltr'>defugeret</span> <span class='ocrx_word' id='word_1_67' title='bbox 765 1057 940 1094; x_wconf 85' lang='lat' dir='ltr'>vaporus</span> <span class='ocrx_word' id='word_1_68' title='bbox 962 1044 1096 1090; x_wconf 87' lang='lat' dir='ltr'>ardor,</span> 
     </span>
     <span class='ocr_line' id='line_1_17' title="bbox 265 1101 940 1155; baseline 0.006 -17"><span class='ocrx_word' id='word_1_69' title='bbox 265 1107 386 1139; x_wconf 89' lang='lat' dir='ltr'>orant</span> <span class='ocrx_word' id='word_1_70' title='bbox 405 1107 453 1139; x_wconf 90' lang='lat' dir='ltr'>ut</span> <span class='ocrx_word' id='word_1_71' title='bbox 472 1101 581 1139; x_wconf 87' lang='lat' dir='ltr'>celer</span> <span class='ocrx_word' id='word_1_72' title='bbox 600 1105 705 1155; x_wconf 85' lang='lat' dir='ltr'>ignis</span> <span class='ocrx_word' id='word_1_73' title='bbox 726 1103 940 1142; x_wconf 82' lang='lat' dir='ltr'>advolaret</span> 
     </span>
     <span class='ocr_line' id='line_1_18' title="bbox 266 1160 941 1214; baseline 0.006 -16"><span class='ocrx_word' id='word_1_74' title='bbox 266 1166 310 1199; x_wconf 90' lang='lat' dir='ltr'>et</span> <span class='ocrx_word' id='word_1_75' title='bbox 330 1160 455 1199; x_wconf 87' lang='lat' dir='ltr'>finem</span> <span class='ocrx_word' id='word_1_76' title='bbox 475 1161 595 1200; x_wconf 89' lang='lat' dir='ltr'>daret</span> <span class='ocrx_word' id='word_1_77' title='bbox 615 1165 746 1201; x_wconf 88' lang='lat' dir='ltr'>anxiis</span> <span class='ocrx_word' id='word_1_78' title='bbox 766 1163 941 1214; x_wconf 88' lang='lat' dir='ltr'>periclis.</span> 
     </span>
     <span class='ocr_line' id='line_1_19' title="bbox 317 1223 931 1262; baseline 0.007 -4"><span class='ocrx_word' id='word_1_79' title='bbox 317 1227 490 1259; x_wconf 86' lang='lat' dir='ltr'>exorata</span> <span class='ocrx_word' id='word_1_80' title='bbox 509 1235 603 1260; x_wconf 90' lang='lat' dir='ltr'>suos</span> <span class='ocrx_word' id='word_1_81' title='bbox 623 1223 737 1261; x_wconf 92' lang='lat' dir='ltr'>obire</span> <span class='ocrx_word' id='word_1_82' title='bbox 757 1224 931 1262; x_wconf 92' lang='lat' dir='ltr'>tandem</span> 
     </span>
     <span class='ocr_line' id='line_1_20' title="bbox 265 1281 977 1322; baseline 0.006 -4"><span class='ocrx_word' id='word_1_83' title='bbox 265 1283 459 1319; x_wconf 90' lang='lat' dir='ltr'>maiestas</span> <span class='ocrx_word' id='word_1_84' title='bbox 480 1281 656 1321; x_wconf 90' lang='lat' dir='ltr'>famulos</span> <span class='ocrx_word' id='word_1_85' title='bbox 675 1282 793 1322; x_wconf 87' lang='lat' dir='ltr'>iubet</span> <span class='ocrx_word' id='word_1_86' title='bbox 813 1284 977 1322; x_wconf 89' lang='lat' dir='ltr'>caducis</span> 
     </span>
     <span class='ocr_line' id='line_1_21' title="bbox 263 1343 995 1395; baseline 0.007 -17"><span class='ocrx_word' id='word_1_87' title='bbox 263 1343 407 1379; x_wconf 89' lang='lat' dir='ltr'>missos</span> <span class='ocrx_word' id='word_1_88' title='bbox 427 1343 663 1393; x_wconf 89' lang='lat' dir='ltr'>corporibus</span> <span class='ocrx_word' id='word_1_89' title='bbox 683 1344 844 1395; x_wconf 88' lang='lat' dir='ltr'>sibique</span> <span class='ocrx_word' id='word_1_90' title='bbox 863 1344 995 1383; x_wconf 91' lang='lat' dir='ltr'>reddi.</span> 
     </span>
     <span class='ocr_line' id='line_1_22' title="bbox 315 1401 1040 1454; baseline 0.006 -15"><span class='ocrx_word' id='word_1_91' title='bbox 315 1401 420 1440; x_wconf 91' lang='lat' dir='ltr'>vidit</span> <span class='ocrx_word' id='word_1_92' title='bbox 437 1403 637 1454; x_wconf 87' lang='lat' dir='ltr'>praesidis</span> <span class='ocrx_word' id='word_1_93' title='bbox 659 1417 710 1441; x_wconf 88' lang='lat' dir='ltr'>ex</span> <span class='ocrx_word' id='word_1_94' title='bbox 730 1403 853 1442; x_wconf 91' lang='lat' dir='ltr'>domo</span> <span class='ocrx_word' id='word_1_95' title='bbox 873 1405 1040 1444; x_wconf 87' lang='lat' dir='ltr'>satelles</span> 
     </span>
     <span class='ocr_line' id='line_1_23' title="bbox 263 1461 1072 1517; baseline 0.006 -18"><span class='ocrx_word' id='word_1_96' title='bbox 263 1461 425 1500; x_wconf 88' lang='lat' dir='ltr'>caelum</span> <span class='ocrx_word' id='word_1_97' title='bbox 444 1464 696 1515; x_wconf 86' lang='lat' dir='ltr'>martyribus</span> <span class='ocrx_word' id='word_1_98' title='bbox 715 1470 861 1516; x_wconf 86' lang='lat' dir='ltr'>patere</span> <span class='ocrx_word' id='word_1_99' title='bbox 882 1471 1072 1517; x_wconf 89' lang='lat' dir='ltr'>apertum</span> 
     </span>
     <span class='ocr_line' id='line_1_24' title="bbox 262 1524 1008 1576; baseline 0.005 -16"><span class='ocrx_word' id='word_1_100' title='bbox 262 1524 528 1575; x_wconf 88' lang='lat' dir='ltr'>insignesque</span> <span class='ocrx_word' id='word_1_101' title='bbox 548 1527 654 1562; x_wconf 91' lang='lat' dir='ltr'>viros</span> <span class='ocrx_word' id='word_1_102' title='bbox 673 1538 748 1576; x_wconf 92' lang='lat' dir='ltr'>per</span> <span class='ocrx_word' id='word_1_103' title='bbox 768 1531 879 1564; x_wconf 86' lang='lat' dir='ltr'>astra</span> <span class='ocrx_word' id='word_1_104' title='bbox 898 1525 1008 1564; x_wconf 88' lang='lat' dir='ltr'>ferri.</span> 
     </span>
     <span class='ocr_line' id='line_1_25' title="bbox 315 1583 950 1634; baseline 0.005 -13"><span class='ocrx_word' id='word_1_105' title='bbox 315 1586 415 1634; x_wconf 91' lang='lat' dir='ltr'>quin</span> <span class='ocrx_word' id='word_1_106' title='bbox 435 1589 479 1622; x_wconf 85' lang='lat' dir='ltr'>et</span> <span class='ocrx_word' id='word_1_107' title='bbox 499 1583 648 1623; x_wconf 85' lang='lat' dir='ltr'>filiolae</span> <span class='ocrx_word' id='word_1_108' title='bbox 668 1599 840 1624; x_wconf 90' lang='lat' dir='ltr'>monens</span> <span class='ocrx_word' id='word_1_109' title='bbox 861 1586 950 1624; x_wconf 92' lang='lat' dir='ltr'>erili</span> 
     </span>
     <span class='ocr_line' id='line_1_26' title="bbox 262 1643 991 1698; baseline 0.005 -18"><span class='ocrx_word' id='word_1_110' title='bbox 262 1643 448 1682; x_wconf 91' lang='lat' dir='ltr'>ostendit</span> <span class='ocrx_word' id='word_1_111' title='bbox 467 1643 630 1683; x_wconf 90' lang='lat' dir='ltr'>sceleris</span> <span class='ocrx_word' id='word_1_112' title='bbox 651 1651 794 1684; x_wconf 90' lang='lat' dir='ltr'>notam</span> <span class='ocrx_word' id='word_1_113' title='bbox 813 1649 991 1698; x_wconf 84' lang='lat' dir='ltr'>paterni,</span> 
     </span>
     <span class='ocr_line' id='line_1_27' title="bbox 262 1703 1022 1758; baseline 0.005 -17"><span class='ocrx_word' id='word_1_114' title='bbox 262 1703 378 1742; x_wconf 92' lang='lat' dir='ltr'>caelo</span> <span class='ocrx_word' id='word_1_115' title='bbox 397 1706 534 1742; x_wconf 89' lang='lat' dir='ltr'>vivere</span> <span class='ocrx_word' id='word_1_116' title='bbox 555 1718 656 1756; x_wconf 90' lang='lat' dir='ltr'>quos</span> <span class='ocrx_word' id='word_1_117' title='bbox 677 1705 812 1744; x_wconf 88' lang='lat' dir='ltr'>forum</span> <span class='ocrx_word' id='word_1_118' title='bbox 830 1710 1022 1758; x_wconf 89' lang='lat' dir='ltr'>peremit.</span> 
     </span>
     <span class='ocr_line' id='line_1_28' title="bbox 313 1763 1077 1817; baseline 0.005 -16"><span class='ocrx_word' id='word_1_119' title='bbox 313 1763 417 1801; x_wconf 90' lang='lat' dir='ltr'>haec</span> <span class='ocrx_word' id='word_1_120' title='bbox 436 1769 527 1802; x_wconf 89' lang='lat' dir='ltr'>tum</span> <span class='ocrx_word' id='word_1_121' title='bbox 546 1767 760 1817; x_wconf 86' lang='lat' dir='ltr'>virginitas</span> <span class='ocrx_word' id='word_1_122' title='bbox 779 1766 918 1817; x_wconf 89' lang='lat' dir='ltr'>palam</span> <span class='ocrx_word' id='word_1_123' title='bbox 937 1767 1077 1806; x_wconf 90' lang='lat' dir='ltr'>videre</span> 
     </span>
     <span class='ocr_line' id='line_1_29' title="bbox 261 1824 1028 1877; baseline 0.007 -17"><span class='ocrx_word' id='word_1_124' title='bbox 261 1836 336 1874; x_wconf 91' lang='lat' dir='ltr'>per</span> <span class='ocrx_word' id='word_1_125' title='bbox 355 1824 505 1862; x_wconf 86' lang='lat' dir='ltr'>sudum</span> <span class='ocrx_word' id='word_1_126' title='bbox 523 1828 678 1864; x_wconf 89' lang='lat' dir='ltr'>meruit</span> <span class='ocrx_word' id='word_1_127' title='bbox 696 1832 871 1877; x_wconf 89' lang='lat' dir='ltr'>parente</span> <span class='ocrx_word' id='word_1_128' title='bbox 891 1839 1028 1872; x_wconf 88' lang='lat' dir='ltr'>caeco,</span> 
     </span>
     <span class='ocr_line' id='line_1_30' title="bbox 262 1884 1026 1925; baseline 0.005 -4"><span class='ocrx_word' id='word_1_129' title='bbox 262 1889 309 1921; x_wconf 90' lang='lat' dir='ltr'>ut</span> <span class='ocrx_word' id='word_1_130' title='bbox 328 1886 483 1922; x_wconf 89' lang='lat' dir='ltr'>crimen</span> <span class='ocrx_word' id='word_1_131' title='bbox 503 1884 659 1923; x_wconf 91' lang='lat' dir='ltr'>domini</span> <span class='ocrx_word' id='word_1_132' title='bbox 678 1885 823 1924; x_wconf 92' lang='lat' dir='ltr'>domus</span> <span class='ocrx_word' id='word_1_133' title='bbox 843 1889 1026 1925; x_wconf 88' lang='lat' dir='ltr'>timeret.</span> 
     </span>
     <span class='ocr_line' id='line_1_31' title="bbox 312 1944 1058 1996; baseline 0.005 -15"><span class='ocrx_word' id='word_1_134' title='bbox 312 1949 403 1981; x_wconf 90' lang='lat' dir='ltr'>tum</span> <span class='ocrx_word' id='word_1_135' title='bbox 423 1944 476 1982; x_wconf 88' lang='lat' dir='ltr'>de</span> <span class='ocrx_word' id='word_1_136' title='bbox 496 1946 732 1996; x_wconf 90' lang='lat' dir='ltr'>corporibus</span> <span class='ocrx_word' id='word_1_137' title='bbox 752 1949 874 1985; x_wconf 91' lang='lat' dir='ltr'>sacris</span> <span class='ocrx_word' id='word_1_138' title='bbox 894 1946 1058 1985; x_wconf 90' lang='lat' dir='ltr'>favillae</span> 
     </span>
     <span class='ocr_line' id='line_1_32' title="bbox 262 2003 965 2058; baseline 0.006 -17"><span class='ocrx_word' id='word_1_139' title='bbox 262 2009 305 2041; x_wconf 85' lang='lat' dir='ltr'>et</span> <span class='ocrx_word' id='word_1_140' title='bbox 324 2003 492 2055; x_wconf 89' lang='lat' dir='ltr'>perfusa</span> <span class='ocrx_word' id='word_1_141' title='bbox 510 2018 624 2044; x_wconf 90' lang='lat' dir='ltr'>mero</span> <span class='ocrx_word' id='word_1_142' title='bbox 643 2005 841 2058; x_wconf 89' lang='lat' dir='ltr'>leguntur</span> <span class='ocrx_word' id='word_1_143' title='bbox 860 2020 965 2052; x_wconf 91' lang='lat' dir='ltr'>ossa,</span> 
     </span>
    </p>
   </div>
   <div class='ocr_carea' id='block_1_6' title="bbox 1310 445 1384 484">
    <p class='ocr_par' dir='ltr' id='par_1_6' title="bbox 1310 445 1384 484">
     <span class='ocr_line' id='line_1_33' title="bbox 1310 445 1384 484; baseline 0 0"><span class='ocrx_word' id='word_1_144' title='bbox 1310 445 1384 484; x_wconf 88' lang='lat'>105</span> 
     </span>
    </p>
   </div>
   <div class='ocr_carea' id='block_1_7' title="bbox 1308 746 1383 785">
    <p class='ocr_par' dir='ltr' id='par_1_7' title="bbox 1308 746 1383 785">
     <span class='ocr_line' id='line_1_34' title="bbox 1308 746 1383 785; baseline 0 0"><span class='ocrx_word' id='word_1_145' title='bbox 1308 746 1383 785; x_wconf 90' lang='grc'>110</span> 
     </span>
    </p>
   </div>
   <div class='ocr_carea' id='block_1_8' title="bbox 1306 1047 1380 1086">
    <p class='ocr_par' dir='ltr' id='par_1_8' title="bbox 1306 1047 1380 1086">
     <span class='ocr_line' id='line_1_35' title="bbox 1306 1047 1380 1086; baseline 0 0"><span class='ocrx_word' id='word_1_146' title='bbox 1306 1047 1380 1086; x_wconf 84' lang='grc'>115</span> 
     </span>
    </p>
   </div>
   <div class='ocr_carea' id='block_1_9' title="bbox 1305 1348 1380 1387">
    <p class='ocr_par' dir='ltr' id='par_1_9' title="bbox 1305 1348 1380 1387">
     <span class='ocr_line' id='line_1_36' title="bbox 1305 1348 1380 1387; baseline 0.013 -1"><span class='ocrx_word' id='word_1_147' title='bbox 1305 1348 1380 1387; x_wconf 88' lang='grc'>120</span> 
     </span>
    </p>
   </div>
   <div class='ocr_carea' id='block_1_10' title="bbox 1303 1649 1376 1689">
    <p class='ocr_par' dir='ltr' id='par_1_10' title="bbox 1303 1649 1376 1689">
     <span class='ocr_line' id='line_1_37' title="bbox 1303 1649 1376 1689; baseline 0.014 -1"><span class='ocrx_word' id='word_1_148' title='bbox 1303 1649 1376 1689; x_wconf 88' lang='grc'>125</span> 
     </span>
    </p>
   </div>
   <div class='ocr_carea' id='block_1_11' title="bbox 1300 1950 1374 1989">
    <p class='ocr_par' dir='ltr' id='par_1_11' title="bbox 1300 1950 1374 1989">
     <span class='ocr_line' id='line_1_38' title="bbox 1300 1950 1374 1989; baseline 0 -1"><span class='ocrx_word' id='word_1_149' title='bbox 1300 1950 1374 1989; x_wconf 85' lang='grc'>130</span> 
     </span>
    </p>
   </div>
  </div>
 </body>
</html>
