<?xml version="1.0" encoding="UTF-8"?>
<!DOCTYPE html PUBLIC "-//W3C//DTD XHTML 1.0 Transitional//EN"
    "http://www.w3.org/TR/xhtml1/DTD/xhtml1-transitional.dtd">
<html xmlns="http://www.w3.org/1999/xhtml" xml:lang="en" lang="en">
 <head>
  <title>
</title>
<meta http-equiv="Content-Type" content="text/html;charset=utf-8" />
  <meta name='ocr-system' content='tesseract 3.04.00' />
  <meta name='ocr-capabilities' content='ocr_page ocr_carea ocr_par ocr_line ocrx_word'/>
</head>
<body>
  <div class='ocr_page' id='page_1' title='image "./prudentius00pruduoft_0218.png"; bbox 0 0 1456 2358; ppageno 0'>
   <div class='ocr_carea' id='block_1_1' title="bbox 585 143 947 186">
    <p class='ocr_par' dir='ltr' id='par_1_1' title="bbox 585 143 947 186">
     <span class='ocr_line' id='line_1_1' title="bbox 585 143 947 186; baseline 0.008 -4"><span class='ocrx_word' id='word_1_1' title='bbox 585 143 947 186; x_wconf 86' lang='lat' dir='ltr'>PRUDENTIUS</span> 
     </span>
    </p>
   </div>
   <div class='ocr_carea' id='block_1_2' title="bbox 254 251 1372 1889">
    <p class='ocr_par' dir='ltr' id='par_1_2' title="bbox 254 251 1372 1889">
     <span class='ocr_line' id='line_1_2' title="bbox 261 251 1030 304; baseline 0.003 -15"><span class='ocrx_word' id='word_1_2' title='bbox 261 253 485 290; x_wconf 79' lang='lat' dir='ltr'>commenti</span> <span class='ocrx_word' id='word_1_3' title='bbox 503 264 649 303; x_wconf 89' lang='lat' dir='ltr'>genus,</span> <span class='ocrx_word' id='word_1_4' title='bbox 669 257 717 290; x_wconf 89' lang='lat' dir='ltr'>ut</span> <span class='ocrx_word' id='word_1_5' title='bbox 735 251 846 291; x_wconf 92' lang='lat' dir='ltr'>leves</span> <span class='ocrx_word' id='word_1_6' title='bbox 866 252 1030 304; x_wconf 88' lang='lat' dir='ltr'>puellae</span> 
     </span>
     <span class='ocr_line' id='line_1_3' title="bbox 261 305 1072 359; baseline 0.002 -15"><span class='ocrx_word' id='word_1_7' title='bbox 261 305 372 344; x_wconf 92' lang='lat' dir='ltr'>lucos</span> <span class='ocrx_word' id='word_1_8' title='bbox 392 306 639 352; x_wconf 79' lang='lat' dir='ltr'><strong>destituant,</strong></span> <span class='ocrx_word' id='word_1_9' title='bbox 661 306 802 345; x_wconf 90' lang='lat' dir='ltr'>Iovem</span> <span class='ocrx_word' id='word_1_10' title='bbox 820 307 1072 359; x_wconf 78' lang='lat' dir='ltr'><strong>relinquant,</strong></span> 
     </span>
     <span class='ocr_line' id='line_1_4' title="bbox 313 361 1372 415; baseline 0.006 -17"><span class='ocrx_word' id='word_1_11' title='bbox 313 361 499 406; x_wconf 85' lang='lat' dir='ltr'>damnes,</span> <span class='ocrx_word' id='word_1_12' title='bbox 519 363 552 398; x_wconf 88' lang='lat' dir='ltr'>si</span> <span class='ocrx_word' id='word_1_13' title='bbox 571 363 720 412; x_wconf 88' lang='lat' dir='ltr'>sapias,</span> <span class='ocrx_word' id='word_1_14' title='bbox 740 361 848 400; x_wconf 92' lang='lat' dir='ltr'>anile</span> <span class='ocrx_word' id='word_1_15' title='bbox 867 362 1032 415; x_wconf 85' lang='lat' dir='ltr'><strong>dogma.</strong></span> <span class='ocrx_word' id='word_1_16' title='bbox 1320 364 1372 404; x_wconf 85' lang='lat'>40</span> 
     </span>
     <span class='ocr_line' id='line_1_5' title="bbox 260 415 1008 463; baseline 0.003 -10"><span class='ocrx_word' id='word_1_17' title='bbox 260 417 415 453; x_wconf 90' lang='lat' dir='ltr'>iussum</span> <span class='ocrx_word' id='word_1_18' title='bbox 435 421 499 454; x_wconf 91' lang='lat' dir='ltr'>est</span> <span class='ocrx_word' id='word_1_19' title='bbox 519 415 704 454; x_wconf 85' lang='lat' dir='ltr'>Caesaris</span> <span class='ocrx_word' id='word_1_20' title='bbox 724 429 794 454; x_wconf 89' lang='lat' dir='ltr'>ore</span> <span class='ocrx_word' id='word_1_21' title='bbox 815 416 1008 463; x_wconf 91' lang='lat' dir='ltr'>Gallieni,</span> 
     </span>
     <span class='ocr_line' id='line_1_6' title="bbox 261 469 1183 521; baseline 0.004 -14"><span class='ocrx_word' id='word_1_22' title='bbox 261 469 372 521; x_wconf 92' lang='lat' dir='ltr'>quod</span> <span class='ocrx_word' id='word_1_23' title='bbox 390 472 580 521; x_wconf 89' lang='lat' dir='ltr'>princeps</span> <span class='ocrx_word' id='word_1_24' title='bbox 599 470 711 516; x_wconf 90' lang='lat' dir='ltr'>colit,</span> <span class='ocrx_word' id='word_1_25' title='bbox 730 476 778 509; x_wconf 90' lang='lat' dir='ltr'>ut</span> <span class='ocrx_word' id='word_1_26' title='bbox 797 471 977 510; x_wconf 90' lang='lat' dir='ltr'>colamus</span> <span class='ocrx_word' id='word_1_27' title='bbox 997 471 1183 511; x_wconf 87' lang='lat' dir='ltr'>omnes.”</span> 
     </span>
     <span class='ocr_line' id='line_1_7' title="bbox 311 523 1122 576; baseline 0.004 -14"><span class='ocrx_word' id='word_1_28' title='bbox 311 524 415 562; x_wconf 91' lang='lat' dir='ltr'>haec</span> <span class='ocrx_word' id='word_1_29' title='bbox 434 523 539 563; x_wconf 87' lang='lat' dir='ltr'>fanti</span> <span class='ocrx_word' id='word_1_30' title='bbox 558 524 743 576; x_wconf 88' lang='lat' dir='ltr'>placidus</span> <span class='ocrx_word' id='word_1_31' title='bbox 762 524 892 564; x_wconf 81' lang='lat' dir='ltr'>refert</span> <span class='ocrx_word' id='word_1_32' title='bbox 910 526 1122 565; x_wconf 87' lang='lat' dir='ltr'>sacerdos:</span> 
     </span>
     <span class='ocr_line' id='line_1_8' title="bbox 260 578 1070 631; baseline 0.004 -15"><span class='ocrx_word' id='word_1_33' title='bbox 260 578 283 592; x_wconf 83' lang='lat'>‘⁴</span> <span class='ocrx_word' id='word_1_34' title='bbox 304 585 522 617; x_wconf 88' lang='lat' dir='ltr'>aeternum</span> <span class='ocrx_word' id='word_1_35' title='bbox 541 579 630 618; x_wconf 90' lang='lat' dir='ltr'>colo</span> <span class='ocrx_word' id='word_1_36' title='bbox 648 582 876 631; x_wconf 87' lang='lat' dir='ltr'>principem</span> <span class='ocrx_word' id='word_1_37' title='bbox 895 580 1070 627; x_wconf 90' lang='lat' dir='ltr'>dierum,</span> 
     </span>
     <span class='ocr_line' id='line_1_9' title="bbox 260 632 1370 686; baseline 0.005 -15"><span class='ocrx_word' id='word_1_38' title='bbox 260 632 460 672; x_wconf 89' lang='lat' dir='ltr'>factorem</span> <span class='ocrx_word' id='word_1_39' title='bbox 479 634 776 686; x_wconf 89' lang='lat' dir='ltr'>dominumque</span> <span class='ocrx_word' id='word_1_40' title='bbox 797 635 990 682; x_wconf 90' lang='lat' dir='ltr'>Gallieni,</span> <span class='ocrx_word' id='word_1_41' title='bbox 1319 637 1370 678; x_wconf 85' lang='lat'>45</span> 
     </span>
     <span class='ocr_line' id='line_1_10' title="bbox 312 687 1167 742; baseline 0.004 -16"><span class='ocrx_word' id='word_1_42' title='bbox 312 694 356 727; x_wconf 86' lang='lat' dir='ltr'>et</span> <span class='ocrx_word' id='word_1_43' title='bbox 375 688 585 727; x_wconf 82' lang='lat' dir='ltr'>Christum</span> <span class='ocrx_word' id='word_1_44' title='bbox 605 687 729 727; x_wconf 92' lang='lat' dir='ltr'>Patre</span> <span class='ocrx_word' id='word_1_45' title='bbox 748 695 962 741; x_wconf 89' lang='lat' dir='ltr'>prosatum</span> <span class='ocrx_word' id='word_1_46' title='bbox 980 693 1167 742; x_wconf 89' lang='lat' dir='ltr'>perenni,</span> 
     </span>
     <span class='ocr_line' id='line_1_11' title="bbox 258 743 1125 796; baseline 0.003 -15"><span class='ocrx_word' id='word_1_47' title='bbox 258 745 373 781; x_wconf 91' lang='lat' dir='ltr'>cuius</span> <span class='ocrx_word' id='word_1_48' title='bbox 393 756 484 781; x_wconf 92' lang='lat' dir='ltr'>sum</span> <span class='ocrx_word' id='word_1_49' title='bbox 503 743 682 782; x_wconf 86' lang='lat' dir='ltr'>famulus</span> <span class='ocrx_word' id='word_1_50' title='bbox 701 747 922 796; x_wconf 84' lang='lat' dir='ltr'>gregisque</span> <span class='ocrx_word' id='word_1_51' title='bbox 942 744 1125 796; x_wconf 89' lang='lat' dir='ltr'>pastor.’&#39;</span> 
     </span>
     <span class='ocr_line' id='line_1_12' title="bbox 259 798 1000 838; baseline 0.003 -3"><span class='ocrx_word' id='word_1_52' title='bbox 259 798 474 836; x_wconf 87' lang='lat' dir='ltr'>subridens</span> <span class='ocrx_word' id='word_1_53' title='bbox 495 801 553 836; x_wconf 90' lang='lat' dir='ltr'>ait</span> <span class='ocrx_word' id='word_1_54' title='bbox 571 798 663 837; x_wconf 90' lang='lat' dir='ltr'>ille:</span> <span class='ocrx_word' id='word_1_55' title='bbox 699 798 722 812; x_wconf 89' lang='lat'><em>“</em></span> <span class='ocrx_word' id='word_1_56' title='bbox 741 801 824 837; x_wconf 86' lang='lat' dir='ltr'>iam</span> <span class='ocrx_word' id='word_1_57' title='bbox 843 798 1000 838; x_wconf 88' lang='lat' dir='ltr'>fuisti.&#39;’</span> 
     </span>
     <span class='ocr_line' id='line_1_13' title="bbox 310 852 1107 901; baseline 0.003 -11"><span class='ocrx_word' id='word_1_58' title='bbox 310 866 387 891; x_wconf 91' lang='lat' dir='ltr'>nee</span> <span class='ocrx_word' id='word_1_59' title='bbox 406 852 544 891; x_wconf 85' lang='lat' dir='ltr'>differt</span> <span class='ocrx_word' id='word_1_60' title='bbox 563 852 675 891; x_wconf 88' lang='lat' dir='ltr'>furor</span> <span class='ocrx_word' id='word_1_61' title='bbox 695 859 768 892; x_wconf 89' lang='lat' dir='ltr'>aut</span> <span class='ocrx_word' id='word_1_62' title='bbox 787 853 971 892; x_wconf 90' lang='lat' dir='ltr'>refrenat</span> <span class='ocrx_word' id='word_1_63' title='bbox 989 857 1107 901; x_wconf 89' lang='lat' dir='ltr'>iram,</span> 
     </span>
     <span class='ocr_line' id='line_1_14' title="bbox 258 907 1370 960; baseline 0.005 -15"><span class='ocrx_word' id='word_1_64' title='bbox 258 910 389 945; x_wconf 88' lang='lat' dir='ltr'>saevis</span> <span class='ocrx_word' id='word_1_65' title='bbox 409 907 593 946; x_wconf 89' lang='lat' dir='ltr'>destinat</span> <span class='ocrx_word' id='word_1_66' title='bbox 611 908 775 960; x_wconf 86' lang='lat' dir='ltr'>ignibus</span> <span class='ocrx_word' id='word_1_67' title='bbox 795 909 1049 947; x_wconf 87' lang='lat' dir='ltr'>cremandos.</span> <span class='ocrx_word' id='word_1_68' title='bbox 1318 912 1370 951; x_wconf 89' lang='grc'>50</span> 
     </span>
     <span class='ocr_line' id='line_1_15' title="bbox 258 962 1096 1016; baseline 0.004 -17"><span class='ocrx_word' id='word_1_69' title='bbox 258 962 451 1000; x_wconf 87' lang='lat' dir='ltr'>exultant</span> <span class='ocrx_word' id='word_1_70' title='bbox 469 962 775 1014; x_wconf 78' lang='lat' dir='ltr'>prohibentque</span> <span class='ocrx_word' id='word_1_71' title='bbox 795 962 894 1001; x_wconf 91' lang='lat' dir='ltr'>flere</span> <span class='ocrx_word' id='word_1_72' title='bbox 913 963 1096 1016; x_wconf 89' lang='lat' dir='ltr'>vulgum.</span> 
     </span>
     <span class='ocr_line' id='line_1_16' title="bbox 310 1016 1098 1068; baseline 0.004 -14"><span class='ocrx_word' id='word_1_73' title='bbox 310 1016 511 1068; x_wconf 91' lang='lat' dir='ltr'>quosdam</span> <span class='ocrx_word' id='word_1_74' title='bbox 530 1017 583 1055; x_wconf 90' lang='lat' dir='ltr'>de</span> <span class='ocrx_word' id='word_1_75' title='bbox 602 1017 756 1068; x_wconf 93' lang='lat' dir='ltr'>populo</span> <span class='ocrx_word' id='word_1_76' title='bbox 774 1017 889 1056; x_wconf 90' lang='lat' dir='ltr'>videt</span> <span class='ocrx_word' id='word_1_77' title='bbox 908 1018 1098 1057; x_wconf 85' lang='lat' dir='ltr'>sacerdos</span> 
     </span>
     <span class='ocr_line' id='line_1_17' title="bbox 256 1070 1043 1123; baseline 0.003 -14"><span class='ocrx_word' id='word_1_78' title='bbox 256 1070 471 1110; x_wconf 90' lang='lat' dir='ltr'>libandum</span> <span class='ocrx_word' id='word_1_79' title='bbox 490 1072 568 1110; x_wconf 91' lang='lat' dir='ltr'>sibi</span> <span class='ocrx_word' id='word_1_80' title='bbox 586 1071 781 1123; x_wconf 91' lang='lat' dir='ltr'>poculum</span> <span class='ocrx_word' id='word_1_81' title='bbox 800 1071 1043 1112; x_wconf 87' lang='lat' dir='ltr'>offerentes:</span> 
     </span>
     <span class='ocr_line' id='line_1_18' title="bbox 258 1125 1086 1179; baseline 0.002 -15"><span class='ocrx_word' id='word_1_82' title='bbox 258 1125 281 1139; x_wconf 91' lang='lat'><strong>“</strong></span> <span class='ocrx_word' id='word_1_83' title='bbox 300 1125 574 1172; x_wconf 87' lang='lat' dir='ltr'>ieiunamus‚&#39;’</span> <span class='ocrx_word' id='word_1_84' title='bbox 595 1129 677 1172; x_wconf 90' lang='lat' dir='ltr'>ait;</span> <span class='ocrx_word' id='word_1_85' title='bbox 712 1126 735 1140; x_wconf 89' lang='lat'><strong>“</strong></span> <span class='ocrx_word' id='word_1_86' title='bbox 754 1140 898 1165; x_wconf 88' lang='lat' dir='ltr'>recuso</span> <span class='ocrx_word' id='word_1_87' title='bbox 916 1133 1086 1179; x_wconf 86' lang='lat' dir='ltr'>potum:</span> 
     </span>
     <span class='ocr_line' id='line_1_19' title="bbox 308 1181 1368 1234; baseline 0.005 -15"><span class='ocrx_word' id='word_1_88' title='bbox 308 1181 493 1219; x_wconf 92' lang='lat' dir='ltr'>nondum</span> <span class='ocrx_word' id='word_1_89' title='bbox 511 1194 621 1219; x_wconf 91' lang='lat' dir='ltr'>nona</span> <span class='ocrx_word' id='word_1_90' title='bbox 639 1181 751 1219; x_wconf 90' lang='lat' dir='ltr'>diem</span> <span class='ocrx_word' id='word_1_91' title='bbox 769 1184 954 1234; x_wconf 86' lang='lat' dir='ltr'>resignat</span> <span class='ocrx_word' id='word_1_92' title='bbox 972 1182 1096 1228; x_wconf 80' lang='lat' dir='ltr'>hora3</span> <span class='ocrx_word' id='word_1_93' title='bbox 1317 1185 1368 1225; x_wconf 85' lang='lat'>55</span> 
     </span>
     <span class='ocr_line' id='line_1_20' title="bbox 256 1235 1042 1287; baseline 0.003 -14"><span class='ocrx_word' id='word_1_94' title='bbox 256 1249 483 1287; x_wconf 88' lang='lat' dir='ltr'>numquam</span> <span class='ocrx_word' id='word_1_95' title='bbox 502 1235 742 1274; x_wconf 88' lang='lat' dir='ltr'>conviolabo</span> <span class='ocrx_word' id='word_1_96' title='bbox 760 1239 823 1274; x_wconf 91' lang='lat' dir='ltr'>ius</span> <span class='ocrx_word' id='word_1_97' title='bbox 843 1236 1042 1283; x_wconf 89' lang='lat' dir='ltr'>dicatum,</span> 
     </span>
     <span class='ocr_line' id='line_1_21' title="bbox 255 1291 1116 1342; baseline 0.002 -14"><span class='ocrx_word' id='word_1_98' title='bbox 255 1303 332 1328; x_wconf 89' lang='lat' dir='ltr'>nec</span> <span class='ocrx_word' id='word_1_99' title='bbox 351 1304 459 1328; x_wconf 90' lang='lat' dir='ltr'>mors</span> <span class='ocrx_word' id='word_1_100' title='bbox 478 1292 568 1342; x_wconf 92' lang='lat' dir='ltr'>ipsa</span> <span class='ocrx_word' id='word_1_101' title='bbox 586 1303 726 1328; x_wconf 91' lang='lat' dir='ltr'>meum</span> <span class='ocrx_word' id='word_1_102' title='bbox 745 1304 906 1329; x_wconf 87' lang='lat' dir='ltr'>sacrum</span> <span class='ocrx_word' id='word_1_103' title='bbox 924 1291 1116 1331; x_wconf 86' lang='lat' dir='ltr'>resolvet.</span> 
     </span>
     <span class='ocr_line' id='line_1_22' title="bbox 307 1344 1097 1385; baseline 0.003 -3"><span class='ocrx_word' id='word_1_104' title='bbox 307 1347 364 1383; x_wconf 91' lang='lat' dir='ltr'>sic</span> <span class='ocrx_word' id='word_1_105' title='bbox 384 1344 569 1383; x_wconf 91' lang='lat' dir='ltr'>Christus</span> <span class='ocrx_word' id='word_1_106' title='bbox 589 1347 732 1384; x_wconf 90' lang='lat' dir='ltr'>sitiens</span> <span class='ocrx_word' id='word_1_107' title='bbox 752 1348 880 1384; x_wconf 88' lang='lat' dir='ltr'>crucis</span> <span class='ocrx_word' id='word_1_108' title='bbox 900 1347 977 1384; x_wconf 89' lang='lat' dir='ltr'>sub</span> <span class='ocrx_word' id='word_1_109' title='bbox 996 1346 1097 1385; x_wconf 89' lang='lat' dir='ltr'>hora</span> 
     </span>
     <span class='ocr_line' id='line_1_23' title="bbox 255 1399 962 1451; baseline 0.001 -14"><span class='ocrx_word' id='word_1_110' title='bbox 255 1399 442 1437; x_wconf 91' lang='lat' dir='ltr'>oblatum</span> <span class='ocrx_word' id='word_1_111' title='bbox 462 1400 538 1438; x_wconf 92' lang='lat' dir='ltr'>sibi</span> <span class='ocrx_word' id='word_1_112' title='bbox 558 1400 751 1451; x_wconf 89' lang='lat' dir='ltr'>poculum</span> <span class='ocrx_word' id='word_1_113' title='bbox 769 1414 962 1439; x_wconf 89' lang='lat' dir='ltr'>recusans</span> 
     </span>
     <span class='ocr_line' id='line_1_24' title="bbox 255 1453 1368 1507; baseline 0.004 -15"><span class='ocrx_word' id='word_1_114' title='bbox 255 1467 331 1492; x_wconf 91' lang='lat' dir='ltr'>nec</span> <span class='ocrx_word' id='word_1_115' title='bbox 350 1454 480 1492; x_wconf 90' lang='lat' dir='ltr'>libare</span> <span class='ocrx_word' id='word_1_116' title='bbox 500 1453 639 1492; x_wconf 90' lang='lat' dir='ltr'>volens</span> <span class='ocrx_word' id='word_1_117' title='bbox 660 1457 771 1492; x_wconf 90' lang='lat' dir='ltr'>sitim</span> <span class='ocrx_word' id='word_1_118' title='bbox 790 1454 996 1507; x_wconf 86' lang='lat' dir='ltr'>peregit.&#39;&#39;</span> <span class='ocrx_word' id='word_1_119' title='bbox 1318 1459 1368 1496; x_wconf 88' lang='lat'>60</span> 
     </span>
     <span class='ocr_line' id='line_1_25' title="bbox 306 1509 998 1548; baseline 0.003 -2"><span class='ocrx_word' id='word_1_120' title='bbox 306 1511 465 1547; x_wconf 90' lang='lat' dir='ltr'>intrant</span> <span class='ocrx_word' id='word_1_121' title='bbox 483 1511 646 1547; x_wconf 88' lang='lat' dir='ltr'>interea</span> <span class='ocrx_word' id='word_1_122' title='bbox 664 1509 800 1547; x_wconf 87' lang='lat' dir='ltr'>locum</span> <span class='ocrx_word' id='word_1_123' title='bbox 819 1510 998 1548; x_wconf 91' lang='lat' dir='ltr'>rotunda</span> 
     </span>
     <span class='ocr_line' id='line_1_26' title="bbox 255 1563 1043 1609; baseline 0.001 -8"><span class='ocrx_word' id='word_1_124' title='bbox 255 1563 492 1601; x_wconf 86' lang='lat' dir='ltr'>conclusum</span> <span class='ocrx_word' id='word_1_125' title='bbox 511 1576 651 1609; x_wconf 87' lang='lat' dir='ltr'>cavea,</span> <span class='ocrx_word' id='word_1_126' title='bbox 671 1564 842 1602; x_wconf 89' lang='lat' dir='ltr'>madens</span> <span class='ocrx_word' id='word_1_127' title='bbox 863 1563 1043 1603; x_wconf 88' lang='lat' dir='ltr'>ferarum</span> 
     </span>
     <span class='ocr_line' id='line_1_27' title="bbox 254 1617 1159 1671; baseline 0.003 -16"><span class='ocrx_word' id='word_1_128' title='bbox 254 1617 387 1656; x_wconf 90' lang='lat' dir='ltr'>multo</span> <span class='ocrx_word' id='word_1_129' title='bbox 406 1620 608 1670; x_wconf 87' lang='lat' dir='ltr'>sanguine</span> <span class='ocrx_word' id='word_1_130' title='bbox 628 1631 754 1670; x_wconf 90' lang='lat' dir='ltr'>quem</span> <span class='ocrx_word' id='word_1_131' title='bbox 773 1618 885 1656; x_wconf 89' lang='lat' dir='ltr'>furor</span> <span class='ocrx_word' id='word_1_132' title='bbox 904 1618 1159 1671; x_wconf 88' lang='lat' dir='ltr'>frequentat,</span> 
     </span>
     <span class='ocr_line' id='line_1_28' title="bbox 307 1672 1136 1725; baseline 0.002 -15"><span class='ocrx_word' id='word_1_133' title='bbox 307 1686 401 1710; x_wconf 90' lang='lat' dir='ltr'>eum</span> <span class='ocrx_word' id='word_1_134' title='bbox 420 1672 658 1724; x_wconf 86' lang='lat' dir='ltr'>spectacula</span> <span class='ocrx_word' id='word_1_135' title='bbox 675 1679 944 1725; x_wconf 90' lang='lat' dir='ltr'>perstrepunt</span> <span class='ocrx_word' id='word_1_136' title='bbox 963 1680 1136 1713; x_wconf 85' lang='lat' dir='ltr'>cruenta</span> 
     </span>
     <span class='ocr_line' id='line_1_29' title="bbox 256 1727 1366 1779; baseline 0.002 -14"><span class='ocrx_word' id='word_1_137' title='bbox 256 1740 302 1765; x_wconf 87' lang='lat' dir='ltr'>ac</span> <span class='ocrx_word' id='word_1_138' title='bbox 321 1727 411 1766; x_wconf 89' lang='lat' dir='ltr'>vilis</span> <span class='ocrx_word' id='word_1_139' title='bbox 429 1727 636 1779; x_wconf 88' lang='lat' dir='ltr'>gladiator</span> <span class='ocrx_word' id='word_1_140' title='bbox 655 1741 753 1766; x_wconf 89' lang='lat' dir='ltr'>ense</span> <span class='ocrx_word' id='word_1_141' title='bbox 773 1727 875 1766; x_wconf 92' lang='lat' dir='ltr'>duro</span> <span class='ocrx_word' id='word_1_142' title='bbox 1316 1731 1366 1771; x_wconf 85' lang='lat'>65</span> 
     </span>
     <span class='ocr_line' id='line_1_30' title="bbox 254 1781 1047 1834; baseline 0.003 -15"><span class='ocrx_word' id='word_1_143' title='bbox 254 1795 470 1833; x_wconf 90' lang='lat' dir='ltr'>percussus</span> <span class='ocrx_word' id='word_1_144' title='bbox 489 1782 602 1820; x_wconf 84' lang='lat' dir='ltr'>cadit</span> <span class='ocrx_word' id='word_1_145' title='bbox 622 1788 665 1820; x_wconf 86' lang='lat' dir='ltr'>et</span> <span class='ocrx_word' id='word_1_146' title='bbox 685 1781 825 1821; x_wconf 87' lang='lat' dir='ltr'>fremit</span> <span class='ocrx_word' id='word_1_147' title='bbox 844 1782 1047 1834; x_wconf 88' lang='lat' dir='ltr'>voluptas.</span> 
     </span>
     <span class='ocr_line' id='line_1_31' title="bbox 305 1836 1097 1889; baseline 0.003 -15"><span class='ocrx_word' id='word_1_148' title='bbox 305 1836 371 1875; x_wconf 85' lang='lat' dir='ltr'>hie</span> <span class='ocrx_word' id='word_1_149' title='bbox 390 1836 630 1875; x_wconf 89' lang='lat' dir='ltr'>flammante</span> <span class='ocrx_word' id='word_1_150' title='bbox 650 1851 754 1889; x_wconf 88' lang='lat' dir='ltr'>pyra</span> <span class='ocrx_word' id='word_1_151' title='bbox 772 1840 890 1889; x_wconf 86' lang='lat' dir='ltr'>niger</span> <span class='ocrx_word' id='word_1_152' title='bbox 908 1840 1097 1877; x_wconf 87' lang='lat' dir='ltr'>minister</span> 
     </span>
    </p>
   </div>
   <div class='ocr_carea' id='block_1_3' title="bbox 148 1975 1367 2096">
    <p class='ocr_par' dir='ltr' id='par_1_3' title="bbox 148 1975 1367 2096">
     <span class='ocr_line' id='line_1_32' title="bbox 191 1975 1366 2020; baseline 0.002 -12"><span class='ocrx_word' id='word_1_153' title='bbox 191 1979 207 1995; x_wconf 75' lang='lat'>‘²</span> <span class='ocrx_word' id='word_1_154' title='bbox 231 1975 302 2008; x_wconf 89' lang='lat' dir='ltr'>Son</span> <span class='ocrx_word' id='word_1_155' title='bbox 324 1975 365 2008; x_wconf 89' lang='lat' dir='ltr'>of</span> <span class='ocrx_word' id='word_1_156' title='bbox 381 1975 443 2008; x_wconf 77' lang='lat' dir='ltr'>the</span> <span class='ocrx_word' id='word_1_157' title='bbox 465 1986 626 2018; x_wconf 85' lang='lat' dir='ltr'>emperor</span> <span class='ocrx_word' id='word_1_158' title='bbox 646 1976 811 2009; x_wconf 82' lang='lat' dir='ltr'>Valerian</span> <span class='ocrx_word' id='word_1_159' title='bbox 832 1976 904 2009; x_wconf 87' lang='lat' dir='ltr'>and</span> <span class='ocrx_word' id='word_1_160' title='bbox 926 1976 1102 2020; x_wconf 84' lang='lat' dir='ltr'>colleague</span> <span class='ocrx_word' id='word_1_161' title='bbox 1123 1976 1210 2010; x_wconf 76' lang='lat' dir='ltr'>with</span> <span class='ocrx_word' id='word_1_162' title='bbox 1231 1977 1305 2010; x_wconf 90' lang='lat' dir='ltr'>him</span> <span class='ocrx_word' id='word_1_163' title='bbox 1327 1987 1366 2010; x_wconf 71' lang='lat' dir='ltr'>aa</span> 
     </span>
     <span class='ocr_line' id='line_1_33' title="bbox 148 2019 1367 2096; baseline 0.002 -45"><span class='ocrx_word' id='word_1_164' title='bbox 148 2019 331 2096; x_wconf 38' lang='lat' dir='ltr'>&amp;agustus</span> <span class='ocrx_word' id='word_1_165' title='bbox 351 2019 443 2052; x_wconf 87' lang='lat' dir='ltr'>from</span> <span class='ocrx_word' id='word_1_166' title='bbox 465 2020 542 2059; x_wconf 87' lang='lat'>253,</span> <span class='ocrx_word' id='word_1_167' title='bbox 566 2020 670 2063; x_wconf 89' lang='lat' dir='ltr'>being</span> <span class='ocrx_word' id='word_1_168' title='bbox 691 2020 727 2053; x_wconf 87' lang='lat' dir='ltr'>in</span> <span class='ocrx_word' id='word_1_169' title='bbox 746 2020 871 2063; x_wconf 82' lang='lat' dir='ltr'>charge</span> <span class='ocrx_word' id='word_1_170' title='bbox 889 2020 930 2053; x_wconf 86' lang='lat' dir='ltr'>of</span> <span class='ocrx_word' id='word_1_171' title='bbox 942 2020 1004 2053; x_wconf 78' lang='lat' dir='ltr'>the</span> <span class='ocrx_word' id='word_1_172' title='bbox 1021 2021 1120 2055; x_wconf 77' lang='lat' dir='ltr'>west</span> <span class='ocrx_word' id='word_1_173' title='bbox 1136 2021 1227 2054; x_wconf 88' lang='lat' dir='ltr'>from</span> <span class='ocrx_word' id='word_1_174' title='bbox 1243 2021 1309 2054; x_wconf 85' lang='lat'>256</span> <span class='ocrx_word' id='word_1_175' title='bbox 1327 2031 1367 2054; x_wconf 89' lang='lat' dir='ltr'>or</span> 
     </span>
    </p>
   </div>
   <div class='ocr_carea' id='block_1_4' title="bbox 148 2127 220 2164">
    <p class='ocr_par' dir='ltr' id='par_1_4' title="bbox 148 2127 220 2164">
     <span class='ocr_line' id='line_1_34' title="bbox 148 2127 220 2164; baseline -0.028 0"><span class='ocrx_word' id='word_1_176' title='bbox 148 2127 220 2164; x_wconf 90' lang='lat'>206</span> 
     </span>
    </p>
   </div>
  </div>
 </body>
</html>
