1456 2358
594 132 957 174 PRUDENTIUS

164 238 259 277 talis
277 244 510 277 nostrorum
529 238 711 277 sollertia
730 240 1014 291 centiplicatos

165 293 539 345 agrorumrediget
558 292 730 340 fructus,
749 295 898 346 quibus
918 297 1047 334 acrius
1066 297 1210 343 instat,

163 361 240 386 nec
258 351 412 400 metuit
430 362 484 387 ne
502 354 747 400 congestum
766 349 989 401 populetur
1008 363 1201 389 acervum

163 402 342 441 curculio
361 403 426 441 vel
445 405 563 455 nigra
581 405 689 442 cavis
708 402 878 442 formica
895 405 1106 444 recondat.
1169 447 1171 450 Α

163 463 260 495 sunt
280 463 324 496 et
342 459 566 510 virginibus
585 458 860 510 pulcherrima
877 462 1062 511 praemia
1080 460 1252 500 nostris:
1281 462 1383 502 1055

163 517 206 550 et
225 512 358 563 pudor
378 519 421 551 et
440 519 583 551 sancto
602 518 739 552 tectus
758 513 962 552 velamine
981 514 1133 561 vultus,

163 572 206 605 et
225 570 409 618 privatus
428 567 556 606 honos
576 581 653 605 nec
671 573 772 607 nota
791 574 835 607 et
853 568 1019 620 publica
1036 568 1182 616 forma,

162 627 206 659 et
225 635 342 660 rarae
361 627 594 674 tenuesque
615 623 762 674 epulae
782 628 827 661 et
844 637 961 662 mens
980 624 1115 662 sobria
1133 638 1311 677 semper,

161 675 312 727 lexque
332 677 556 728 pudicitiae
576 680 687 716 vitae
706 691 800 716 cum
820 677 901 716 fine
920 684 1101 730 peracta.

160 730 255 768 hinc
274 731 411 770 decies
431 731 527 770 deni
546 732 792 784 rediguntur
809 735 852 771 in
870 732 1017 771 horrea
1035 733 1207 780 fructus,
1279 736 1380 775 1060
1444 767 1448 773 .

160 785 307 824 horrea
326 792 526 825 nocturno
545 801 627 825 non
647 801 844 838 umquam
863 788 1042 826 obnoxia
1059 787 1154 835 furi,

160 854 257 878 nam
276 841 436 879 caelum
455 840 521 879 fur
539 841 674 880 nullus
695 842 796 887 adit,
815 842 1011 881 caelestia
1029 857 1255 895 numquam

160 894 306 934 fraude
325 898 610 948 resignantur3
643 896 754 935 fraus
774 900 893 935 terris
912 897 1089 936 volvitur
1106 900 1210 937 imis.

213 964 320 1002 quae
339 964 448 989 nunc
467 951 645 989 Vestalis
665 954 719 990 sit
737 954 983 1003 virginitatis
1002 952 1197 992 honestas

159 1004 392 1051 discutiam,
412 1019 494 1057 qua
511 1005 606 1058 lege
624 1012 746 1058 regat
764 1006 889 1045 decus
909 1021 1030 1046 omne
1049 1007 1228 1059 pudoris·
1277 1009 1378 1049 1065

160 1073 207 1097 ac
225 1062 404 1111 primum
422 1074 574 1111 parvae
593 1064 748 1099 teneris
767 1064 986 1113 capiuntur
1003 1064 1046 1100 in
1066 1064 1196 1108 annis,

160 1120 258 1153 ante
277 1115 502 1154 voluntatis
521 1118 711 1167 propriae
730 1129 855 1167 quam
873 1116 1004 1155 libera
1021 1122 1150 1163 secta,

158 1169 281 1207 laude
300 1170 525 1220 pudicitiae
543 1169 707 1209 fervens
727 1177 771 1209 et
791 1184 929 1209 amore
949 1171 1134 1217 deorum,

158 1226 267 1262 iusta
285 1225 508 1263 maritandi
526 1225 776 1264 condemnet
791 1225 808 1250 ¹
826 1226 988 1264 vincula
1006 1239 1141 1265 sexus.

159 1281 345 1330 captivus
364 1279 496 1330 pudor
514 1282 686 1332 ingratis
706 1280 910 1319 addicitur
929 1283 1021 1326 aris,
1276 1282 1377 1322 1070

159 1346 235 1371 nec
254 1339 495 1386 contempta
515 1337 624 1386 perit
642 1337 800 1373 miseris
820 1335 895 1374 sed
915 1335 1112 1387 adempta
1131 1335 1321 1388 voluptas

158 1391 336 1439 corporis
354 1391 524 1427 intacti:
557 1403 639 1428 non
658 1403 774 1428 mens
794 1392 952 1428 intacta
970 1396 1154 1437 tenetur,

159 1456 235 1481 nec
253 1445 416 1495 requies
436 1444 559 1483 datur
577 1444 661 1482 ulla
679 1447 793 1490 toris,
813 1445 960 1496 quibus
979 1445 1135 1484 innuba
1153 1458 1323 1484 caecum

158 1497 304 1536 vulnus
325 1504 369 1537 et
388 1501 556 1537 amissas
576 1501 754 1550 suspirat
772 1498 928 1538 femina
945 1499 1114 1545 taedas;

157 1558 248 1591 tum
268 1555 365 1604 quia
383 1567 465 1592 non
484 1559 622 1592 totum
640 1567 733 1605 spes
753 1554 865 1592 salva
882 1554 1078 1593 interficit
1095 1556 1251 1607 ignem,

392 1632 405 1652 ¹
430 1632 642 1665 condemnat
659 1634 830 1674 Berqman
847 1632 926 1665 with
942 1643 1034 1666 some
1052 1633 1095 1666 M
1096 1632 1160 1666 SS.

207 1751 223 1766 ‘²
246 1746 499 1780 Communities
533 1748 573 1780 of
601 1759 693 1780 nuns
726 1748 797 1781 had
830 1748 1023 1790 developed
1055 1747 1159 1790 along
1191 1747 1279 1781 with
1311 1747 1374 1781 the

160 1791 335 1824 monastic
353 1796 556 1825 movement
574 1792 698 1830 which,
718 1793 930 1835 originating
946 1793 984 1824 in
1002 1791 1063 1825 the
1081 1795 1220 1825 eastern
1237 1794 1320 1834 part
1337 1791 1380 1825 of

160 1835 222 1867 the
249 1835 391 1877 empire,
421 1837 547 1878 spread
574 1840 613 1869 to
640 1836 702 1869 the
729 1840 816 1869 west
843 1837 879 1869 in
909 1836 972 1869 the
1000 1836 1066 1869 4th
1094 1839 1252 1879 century.
1299 1835 1374 1869 The

161 1882 319 1911 contrast
332 1879 413 1912 here
427 1880 570 1922 implied
584 1881 741 1913 between
755 1881 851 1913 them
867 1880 937 1913 and
951 1880 1012 1913 the
1025 1879 1164 1913 Vestals
1176 1880 1206 1912 is
1220 1879 1375 1923 brought

159 1926 224 1954 out
239 1923 422 1966 explicitly
437 1924 473 1956 in
490 1924 576 1957 lines
595 1926 803 1958 1064-1113.

208 1966 221 1986 ⁶
245 1967 318 1999 The
342 1967 407 2009 girl
432 1972 528 2001 must
553 1968 595 2001 be
619 1971 684 2001 not
707 1968 774 2001 less
798 1968 887 2001 than
911 1968 965 2001 six
989 1978 1055 2000 nor
1077 1978 1174 2001 more
1197 1968 1287 2001 than
1311 1970 1372 2002 ten

159 2021 261 2052 years
293 2010 363 2043 old.
413 2011 568 2045 “Taken
585 2012 605 2026 ”
638 2012 667 2045 is
700 2023 721 2044 a
753 2012 926 2045 technical
958 2016 1060 2045 term.
1107 2011 1156 2045 At
1187 2022 1254 2044 one
1285 2012 1373 2046 time

159 2064 280 2087 names
301 2055 342 2087 of
356 2055 438 2098 girls
459 2056 537 2089 who
558 2056 628 2090 had
649 2057 782 2090 certain
802 2067 985 2099 necessary
1007 2055 1264 2099 qualifications
1283 2066 1373 2090 were

159 2129 207 2166 90
