1456 2358
198 2119 267 2156 160

629 130 992 172 PRUDENTIUS

306 239 444 278 forsan
463 245 507 277 et
527 241 661 290 quinis
681 238 844 290 aliquae
862 236 1089 290 placebunt

305 294 483 333 testibus
503 293 655 332 Christi
674 295 785 345 prius
803 292 1033 331 hostiarum

511 351 683 402 pignere
701 347 895 386 functae:

305 409 352 442 tu
372 403 519 442 decem
537 409 700 442 sanctos
719 401 892 441 revehes
913 407 957 440 et
975 406 1084 446 octo,

305 458 638 510 Caesaraugusta
656 457 842 496 studiosa
860 455 1038 502 Christo,

304 515 503 551 verticem
522 511 636 551 flavis
656 512 756 550 oleis
775 513 974 556 revincta,

513 569 625 619 pacis
644 566 811 606 honore.

304 622 391 661 sola
408 625 451 660 in
470 635 684 661 occursum
702 622 1002 660 numerosiores

303 683 534 730 martyrum
552 677 696 715 turbas
716 676 897 715 Domino
915 676 1086 726 parasti,

303 731 390 770 sola
407 731 624 784 praedives
643 733 804 783 pietate
823 729 956 769 multa

509 786 602 824 luce
621 785 781 824 frueris.

302 844 370 879 vix
389 854 538 893 parens
558 841 667 879 orbis
685 839 887 892 populosa
905 838 1047 884 Poeni,

302 898 391 948 ipsa
409 898 477 934 vix
497 895 629 934 Roma
647 898 690 933 in
709 895 810 933 solio
827 893 965 933 locata

301 956 361 997 te,
381 950 506 989 decus
525 956 727 995 nostrum,
747 962 941 1000 superare
960 951 1004 986 in
1022 950 1102 986 isto

510 1018 682 1044 munere
702 1004 830 1056 digna
849 1009 925 1042 est.

302 1060 492 1099 omnibus
510 1062 640 1111 portis
659 1072 775 1097 sacer
791 1057 1029 1097 immolatus

301 1117 469 1167 sanguis
489 1114 665 1153 exclusit
683 1127 815 1166 genus
833 1112 1065 1151 invidorum

301 1169 553 1209 daemonum
573 1174 617 1208 et
635 1171 773 1222 nigras
792 1167 955 1219 pepulit
973 1166 1168 1205 tenebras

510 1224 613 1262 urbe
632 1226 759 1275 piata.

301 1279 438 1318 nullus
457 1279 696 1317 umbrarum
714 1277 822 1316 latet
839 1279 951 1315 intus
969 1275 1126 1323 horror,

300 1333 419 1385 pulsa
437 1347 534 1372 nam
552 1334 681 1385 pestis
700 1331 899 1383 populum
917 1329 1096 1383 refugit3

301 1388 488 1427 Christus
507 1390 551 1426 in
568 1390 668 1426 totis
687 1386 852 1425 habitat
870 1385 1035 1438 plateis,

510 1442 696 1481 Christus
716 1442 870 1492 ubique
891 1445 967 1479 est.

300 1504 532 1550 martyrum
551 1496 694 1535 credas
713 1498 891 1547 patriam
909 1497 1067 1534 coronis

301 1552 488 1591 debitam
507 1554 644 1598 sacris,
663 1550 810 1589 chorus
829 1549 940 1589 unde
959 1562 1131 1602 surgens

300 1607 440 1646 tendit
457 1609 500 1645 in
519 1606 680 1645 caelum
699 1608 843 1643 niveus
862 1609 1034 1657 togatae

508 1660 750 1699 nobilitatis.

300 1717 413 1763 inde,
431 1716 638 1761 Vincenti,
657 1720 732 1753 tua
750 1714 890 1766 palma
907 1718 1008 1752 nata
1027 1718 1105 1759 est,

301 1771 432 1809 clerus
450 1770 517 1809 hic
536 1775 702 1808 tantum
722 1771 886 1821 peperit
904 1767 1176 1820 triumphum,

301 1826 367 1864 hic
386 1825 649 1864 sacerdotum
668 1824 813 1862 domus
832 1821 1010 1861 infulata

508 1879 777 1918 Valeriorum.

299 1948 446 1973 saevus
466 1936 646 1986 antiquis
666 1936 858 1985 quotiens
877 1931 1066 1984 procellis

299 1990 424 2028 turbo
442 1994 640 2027 vexatum
659 1986 897 2027 tremefecit
915 1986 1073 2033 orbem,

718 2074 734 2090 ο
757 2067 811 2112 of.
829 2068 872 2102 v.

1365 510 1416 606 ⁵⁵

1365 783 1416 822 60

1365 1057 1414 1096 65

1363 1330 1415 1370 70

1362 1602 1413 1645 75
