1456 2358
559 136 925 179 PRUDENTIUS

133 249 178 283 et
196 249 361 283 mutata
379 246 517 290 sacris,
536 250 699 290 ornatu,
718 244 893 297 legibus,
913 247 1048 285 armis.

131 299 265 338 multa
282 299 382 338 colit
400 312 508 351 quae
527 313 610 338 non
628 299 756 338 coluit
774 301 850 338 sub
869 313 969 352 rege
988 300 1183 349 Quirin03
1276 303 1352 344 305

130 356 314 393 instituit
333 354 540 406 quaedam
558 354 719 400 melius,
738 354 936 393 nonnulla
954 355 1123 408 refugit,

132 414 176 447 et
194 421 353 447 morem
371 411 529 447 variare
548 422 669 447 suum
687 422 770 448 non
789 409 966 456 destitit,
987 416 1030 448 et
1050 423 1157 462 quae
1201 432 1205 437 ·

130 463 292 514 pridem
310 463 553 502 condiderat
571 466 661 502 iura
678 466 721 502 in
741 466 945 503 contraria
963 467 1101 503 vertit.

131 518 231 568 quid
249 517 350 556 mihi
369 524 417 557 tu
436 521 538 557 ritus
558 518 713 564 solitos,
733 518 918 557 Romane
938 525 1118 566 senator,

130 573 313 611 obiectas
333 585 427 611 cum
446 575 550 611 scita
567 578 734 624 patrum
753 573 978 625 populique
996 573 1239 626 frequenter
1273 577 1350 616 310

128 628 332 666 instabilis
352 627 493 679 placiti
512 630 723 666 sententia
740 627 850 666 flexa
868 629 1056 667 novarit?

129 695 238 720 nunc
258 684 386 720 etiam
406 685 597 733 quotiens
616 682 746 721 solitis
765 683 968 722 decedere
987 683 1157 735 prodest

128 740 460 788 praeteritosque
479 737 646 776 habitus
666 737 780 776 cultu
799 737 997 776 damnare
1015 741 1186 785 recenti,

127 791 357 842 gaudemus
377 797 622 843 conpertum
641 792 797 844 aliquid
816 792 1071 844 tandemque
1090 799 1313 840 retectum,

129 846 240 896 quod
258 846 404 891 latuit3
439 846 567 884 tardis
587 860 751 898 semper
769 848 1024 899 processibus
1045 854 1167 886 aucta
1271 850 1348 890 315

128 903 276 939 crescit
294 903 380 939 vita
398 901 573 939 hominis
594 907 638 940 et
656 901 779 954 longo
798 901 959 953 proficit
977 916 1066 941 usu.

128 957 184 993 sic
204 957 295 993 aevi
314 956 498 994 mortalis
516 955 645 994 habet
664 969 709 994 se
727 956 888 995 mobilis
908 956 1022 1003 ordo,

127 1012 184 1048 sic
204 1012 335 1048 variat
354 1016 504 1049 natura
522 1013 653 1049 vices:
686 1010 863 1049 infantia
880 1014 1003 1063 repit,

127 1064 310 1103 infirmus
330 1066 488 1103 titubat
506 1068 624 1116 pueri
642 1079 889 1117 gressusque
910 1069 1167 1118 animusque,

127 1121 328 1171 sanguine
347 1120 581 1170 praecalido
600 1119 735 1158 fervet
753 1133 926 1159 nervosa
943 1123 1126 1167 iuventa,
1269 1124 1347 1163 320

127 1187 223 1212 mox
242 1175 429 1213 stabilita
447 1177 561 1213 venit
580 1177 732 1213 maturi
750 1176 904 1214 roboris
924 1181 1063 1221 aetas3

127 1228 274 1267 ultima
292 1229 468 1267 consiliis
487 1229 645 1275 melior,
664 1230 738 1268 sed
757 1230 907 1268 viribus
927 1243 1066 1282 aegra,

127 1296 295 1335 corpore
315 1285 552 1323 subcumbit
570 1290 756 1322 mentem
775 1290 953 1337 purgata
971 1291 1176 1325 senectus.

126 1337 188 1376 his
207 1351 338 1390 genus
357 1338 585 1377 humanum
603 1352 677 1391 per
696 1339 860 1378 dissona
878 1345 1068 1391 tempora
1086 1340 1206 1379 duxit

126 1393 334 1431 curriculis
354 1406 502 1432 aevum
520 1393 736 1438 mutabile,
755 1396 811 1432 sic
829 1393 958 1433 hebes
976 1396 1087 1434 inter
1267 1398 1344 1437 325

127 1449 327 1498 primitias
347 1461 611 1499 mersumque
630 1448 715 1487 solo
734 1461 810 1487 ceu
830 1448 1064 1501 quadrupes
1084 1452 1172 1503 egit
1185 1462 1195 1496 ;
1210 1449 1227 1475 1

126 1515 222 1540 mox
241 1508 434 1541 tenerum
453 1503 573 1542 docili
591 1505 758 1555 ingenio
776 1506 942 1555 iamque
962 1505 1118 1543 artibus
1137 1510 1284 1557 aptum

126 1557 341 1595 noscendis
361 1560 472 1595 varia
490 1571 628 1596 rerum
646 1560 832 1597 novitate
850 1558 1026 1610 politum
1045 1565 1132 1605 est;

125 1611 221 1650 inde
241 1617 406 1650 tumens
426 1614 534 1651 vitiis
554 1612 705 1651 calidos
725 1613 905 1652 adolevit
923 1615 966 1651 in
985 1627 1127 1660 annos,
1266 1615 1343 1655 330

125 1665 257 1704 donec
275 1666 447 1706 decocto
466 1667 662 1706 solidaret
681 1668 826 1706 robore
845 1670 963 1707 vires.

174 1789 185 1809 ²
210 1789 311 1823 Some
325 1790 368 1822 M
369 1790 433 1823 SS.
450 1790 488 1832 of
497 1790 584 1823 class
597 1792 628 1824 B
642 1791 724 1823 have

486 1869 709 1902 mersumque
724 1859 798 1893 solo
814 1860 988 1894 titubavit
1002 1865 1039 1894 et
1054 1861 1165 1894 instar

307 1904 544 1946 quadrupedis
559 1904 658 1946 pueri
674 1903 844 1937 laetantia
860 1905 993 1938 viscera
1008 1905 1130 1938 traxit.

125 1978 163 2019 (“
178 1979 207 2012 it
225 1983 318 2012 went
336 1980 537 2022 unsteadily
555 1981 626 2013 and
644 1981 712 2013 like
731 1992 751 2013 a
771 1981 863 2014 child
881 1992 926 2014 on
945 1981 1103 2014 all-fours
1121 1982 1274 2025 dragged
1291 1982 1339 2015 its

123 2023 241 2056 infant
257 2024 353 2066 body
369 2024 472 2066 along
487 2024 535 2065 ’').
585 2025 654 2057 The
671 2029 732 2057 two
747 2025 850 2058 oldest
866 2025 909 2058 M
910 2025 974 2058 SS.
990 2036 1047 2059 are
1063 2026 1223 2068 wantinq.

124 2124 172 2161 30
