1456 2358
212 2131 283 2168 292

649 142 1011 184 PRUDENTIUS

323 249 455 287 surdis
474 249 692 287 fruendam
711 249 885 288 reddere
906 250 1176 296 audientiam,

324 303 478 343 donare
497 306 628 342 caecis
646 303 747 342 lucis
766 307 956 343 insuetae
975 304 1099 343 diem.
1271 325 1287 339 ο

375 358 478 397 haec
497 361 531 397 si
550 361 640 409 quis
660 371 802 397 amens
821 358 1009 398 fabulosa
1029 361 1255 405 existimat,

323 413 389 450 vel
407 415 495 464 ipse
515 419 608 451 tute
627 415 662 451 si
679 426 827 464 parum
846 413 985 452 fidelia

323 467 469 505 rebare
488 467 665 519 pridem,
684 481 782 506 vera
800 481 1021 520 cognoscas
1039 468 1161 507 licet:

324 521 452 560 habes
471 521 728 573 loquentem,
748 525 862 561 cuius
882 529 1171 574 amputaveras

323 575 508 628 linguam
523 590 531 614 :
564 577 748 628 probatis
768 578 870 616 cede
888 580 972 616 iam
990 576 1238 616 miraculis.'’

376 630 517 669 horror
536 637 778 683 stupentem
796 638 1105 683 persecutorem
1123 633 1236 671 subit

323 688 529 737 timorque
551 692 595 724 et
612 689 673 724 ira
691 692 837 737 pectus
855 689 899 725 in
918 686 1139 739 caliginem

323 746 510 786 vertere3
545 743 678 779 nescit
696 741 841 793 vigilet
860 755 966 779 anne
986 744 1178 788 somniet,

323 797 496 833 miratur
514 795 689 834 haerens
710 796 821 847 quod
839 798 894 834 sit
912 798 1067 834 ostenti
1085 809 1230 848 genus.

323 848 498 888 formido
518 849 687 902 frangit,
707 856 841 889 armat
858 850 1103 903 indignatio.

375 917 451 942 nec
471 907 553 942 vim
572 905 741 943 domare
760 908 912 944 mentis
933 904 1112 944 effrenae
1129 911 1286 957 potest,

322 972 399 996 nec
419 972 500 1010 quo
520 958 665 998 furoris
685 959 771 998 tela
789 965 927 998 vertat
945 962 1116 999 invenit.

321 1019 532 1064 postremo
551 1014 758 1052 medicum
777 1028 923 1052 saevus
941 1017 1150 1053 insontem
1167 1015 1286 1053 iubet

321 1081 438 1105 reum
458 1071 598 1113 citari3
632 1068 910 1107 nundinatum
927 1069 1037 1107 hunc
1056 1072 1194 1122 arguit

323 1122 515 1161 mercede
535 1128 650 1161 certa
667 1129 814 1174 pactus
833 1129 881 1162 ut
899 1123 1164 1162 conluderet:

374 1182 447 1216 aut
465 1176 621 1215 ferrum
639 1180 682 1216 in
701 1191 771 1216 ore
790 1178 848 1216 nil
867 1191 994 1230 agens
1014 1184 1059 1217 et
1075 1175 1246 1217 inritum

321 1245 503 1270 versasse
523 1231 676 1270 frustra
694 1246 767 1271 seu
787 1235 964 1271 retunsis
983 1233 1163 1271 tactibus

322 1292 395 1324 aut
414 1292 504 1325 arte
524 1287 704 1338 quadam
724 1287 870 1325 vulnus
889 1287 1066 1326 inlatum
1084 1288 1224 1333 breve,

321 1340 433 1391 quod
451 1344 635 1380 sauciata
653 1348 773 1393 parte
792 1342 977 1394 linguam
996 1341 1184 1381 laederet

321 1408 466 1434 nervos
486 1409 562 1434 nec
582 1409 723 1434 omnes
744 1409 1042 1447 usquequaque
1063 1396 1308 1436 abscideret.

371 1463 540 1488 manere
561 1450 716 1488 salvam
735 1454 842 1489 vocis
862 1451 1119 1489 harmoniam
1137 1451 1266 1502 probe

320 1518 403 1543 non
420 1518 555 1556 posse,
575 1507 688 1543 inani
707 1518 884 1544 concavo
904 1507 1031 1544 verba
1051 1508 1240 1557 exprimi,

320 1572 427 1610 quae
447 1572 694 1611 concrepare
712 1559 841 1611 ligula
859 1560 1111 1599 moderatrix
1131 1559 1243 1614 facit.

321 1620 410 1652 esto
431 1620 478 1652 ut
496 1614 673 1653 resultet
691 1617 857 1666 spiritus
876 1628 1005 1653 vacuo
1024 1628 1164 1666 specu,
1220 1619 1221 1627 ¹

321 1668 422 1707 echo
441 1669 515 1707 sed
535 1674 654 1707 extat
672 1669 783 1714 inde,
802 1683 885 1708 non
904 1672 1047 1708 oratio.

371 1726 476 1761 veris
495 1723 654 1762 refutat
672 1723 855 1762 medicus
875 1723 981 1762 hane
999 1723 1270 1763 calumniam:

320 1776 342 1790 ‘⁴
363 1784 545 1816 scrutare
566 1778 631 1816 vel
649 1784 697 1816 tu
716 1792 824 1816 nunc
843 1778 1023 1817 latebras
1042 1777 1237 1824 faucium,

318 1834 510 1883 intraque
530 1833 678 1871 dentes
697 1835 902 1871 curiosum
919 1833 1113 1884 pollicem

317 1886 547 1933 circumfer,
566 1887 738 1926 haustus
758 1887 824 1926 vel
841 1893 1036 1939 patentes
1054 1890 1225 1940 inspice,

318 1940 503 1980 lateatne
523 1942 750 1993 quidquam
770 1942 880 1994 quod
898 1948 1019 1995 regat
1038 1944 1271 1994 spiramina.

1358 307 1434 346 955

1358 579 1436 619 960

1357 852 1434 893 965

1357 1125 1434 1165 970
1449 1140 1456 1156 ’-

1355 1398 1431 1446 975

1351 1671 1428 1710 980

1350 1944 1426 1984 985
