<?xml version="1.0" encoding="UTF-8"?>
<!DOCTYPE html PUBLIC "-//W3C//DTD XHTML 1.0 Transitional//EN"
    "http://www.w3.org/TR/xhtml1/DTD/xhtml1-transitional.dtd">
<html xmlns="http://www.w3.org/1999/xhtml" xml:lang="en" lang="en">
 <head>
  <title>
</title>
<meta http-equiv="Content-Type" content="text/html;charset=utf-8" />
  <meta name='ocr-system' content='tesseract 3.04.00' />
  <meta name='ocr-capabilities' content='ocr_page ocr_carea ocr_par ocr_line ocrx_word'/>
</head>
<body>
  <div class='ocr_page' id='page_1' title='image "./prudentius00pruduoft/prudentius00pruduoft_0096.png"; bbox 0 0 1456 2358; ppageno 0'>
   <div class='ocr_carea' id='block_1_1' title="bbox 625 140 987 184">
    <p class='ocr_par' dir='ltr' id='par_1_1' title="bbox 625 140 987 184">
     <span class='ocr_line' id='line_1_1' title="bbox 625 140 987 184; baseline 0.008 -4"><span class='ocrx_word' id='word_1_1' title='bbox 625 140 987 184; x_wconf 88' lang='lat' dir='ltr'><strong>PRUDENTIUS</strong></span> 
     </span>
    </p>
   </div>
   <div class='ocr_carea' id='block_1_2' title="bbox 173 244 1414 1723">
    <p class='ocr_par' dir='ltr' id='par_1_2' title="bbox 173 244 1414 628">
     <span class='ocr_line' id='line_1_2' title="bbox 196 244 1232 299; baseline 0.005 -17"><span class='ocrx_word' id='word_1_2' title='bbox 196 257 321 296; x_wconf 88' lang='lat' dir='ltr'><strong>quam</strong></span> <span class='ocrx_word' id='word_1_3' title='bbox 341 244 492 285; x_wconf 87' lang='lat' dir='ltr'>Priami</span> <span class='ocrx_word' id='word_1_4' title='bbox 511 250 675 299; x_wconf 88' lang='lat' dir='ltr'><strong>genitor</strong></span> <span class='ocrx_word' id='word_1_5' title='bbox 694 248 905 287; x_wconf 89' lang='lat' dir='ltr'><strong>conductis</strong></span> <span class='ocrx_word' id='word_1_6' title='bbox 924 251 1088 287; x_wconf 86' lang='lat' dir='ltr'><strong>moenia</strong></span> <span class='ocrx_word' id='word_1_7' title='bbox 1107 247 1232 287; x_wconf 87' lang='lat' dir='ltr'><strong>fabris</strong></span> 
     </span>
     <span class='ocr_line' id='line_1_3' title="bbox 196 302 1237 354; baseline 0.005 -17"><span class='ocrx_word' id='word_1_8' title='bbox 196 306 424 347; x_wconf 79' lang='lat' dir='ltr'><strong>extrueret,</strong></span> <span class='ocrx_word' id='word_1_9' title='bbox 444 315 569 353; x_wconf 89' lang='lat' dir='ltr'><strong>quam</strong></span> <span class='ocrx_word' id='word_1_10' title='bbox 589 305 703 354; x_wconf 90' lang='lat' dir='ltr'><strong>virgo</strong></span> <span class='ocrx_word' id='word_1_11' title='bbox 722 317 815 342; x_wconf 90' lang='lat' dir='ltr'><strong>suas</strong></span> <span class='ocrx_word' id='word_1_12' title='bbox 834 302 1030 342; x_wconf 82' lang='lat' dir='ltr'><strong>fundaret</strong></span> <span class='ocrx_word' id='word_1_13' title='bbox 1048 303 1237 342; x_wconf 76' lang='lat' dir='ltr'><strong>Athenas</strong></span> 
     </span>
     <span class='ocr_line' id='line_1_4' title="bbox 194 352 1414 410; baseline 0.005 -19"><span class='ocrx_word' id='word_1_14' title='bbox 194 352 352 400; x_wconf 83' lang='lat' dir='ltr'><strong>Pallas3</strong></span> <span class='ocrx_word' id='word_1_15' title='bbox 385 358 428 394; x_wconf 93' lang='lat' dir='ltr'><strong>in</strong></span> <span class='ocrx_word' id='word_1_16' title='bbox 446 357 508 395; x_wconf 93' lang='lat' dir='ltr'><strong>his</strong></span> <span class='ocrx_word' id='word_1_17' title='bbox 529 360 723 408; x_wconf 89' lang='lat' dir='ltr'><strong>quoniam</strong></span> <span class='ocrx_word' id='word_1_18' title='bbox 742 358 919 396; x_wconf 77' lang='lat' dir='ltr'><strong>Vestalis</strong></span> <span class='ocrx_word' id='word_1_19' title='bbox 939 361 1052 410; x_wconf 92' lang='lat' dir='ltr'><strong>origo</strong></span> <span class='ocrx_word' id='word_1_20' title='bbox 1070 357 1235 396; x_wconf 86' lang='lat' dir='ltr'><strong>favillae</strong></span> <span class='ocrx_word' id='word_1_21' title='bbox 1337 359 1414 398; x_wconf 85' lang='lat'><strong>970</strong></span> 
     </span>
     <span class='ocr_line' id='line_1_5' title="bbox 194 409 1368 464; baseline 0.005 -18"><span class='ocrx_word' id='word_1_22' title='bbox 194 409 378 456; x_wconf 87' lang='lat' dir='ltr'>urbibus,</span> <span class='ocrx_word' id='word_1_23' title='bbox 397 417 444 449; x_wconf 92' lang='lat' dir='ltr'><strong>ut</strong></span> <span class='ocrx_word' id='word_1_24' title='bbox 464 418 710 458; x_wconf 88' lang='lat' dir='ltr'><strong>memorant,</strong></span> <span class='ocrx_word' id='word_1_25' title='bbox 730 415 861 464; x_wconf 90' lang='lat' dir='ltr'><strong>primo</strong></span> <span class='ocrx_word' id='word_1_26' title='bbox 881 413 933 451; x_wconf 90' lang='lat' dir='ltr'><strong>de</strong></span> <span class='ocrx_word' id='word_1_27' title='bbox 952 412 1098 452; x_wconf 78' lang='lat' dir='ltr'><strong>fomite</strong></span> <span class='ocrx_word' id='word_1_28' title='bbox 1116 418 1284 464; x_wconf 83' lang='lat' dir='ltr'><strong>sumpta</strong></span> <span class='ocrx_word' id='word_1_29' title='bbox 1302 418 1368 452; x_wconf 83' lang='lat' dir='ltr'><strong>est</strong></span> 
     </span>
     <span class='ocr_line' id='line_1_6' title="bbox 194 465 1349 519; baseline 0.004 -18"><span class='ocrx_word' id='word_1_30' title='bbox 194 472 489 517; x_wconf 83' lang='lat' dir='ltr'><strong>sacraruntque</strong></span> <span class='ocrx_word' id='word_1_31' title='bbox 509 465 620 505; x_wconf 89' lang='lat' dir='ltr'><strong>focos</strong></span> <span class='ocrx_word' id='word_1_32' title='bbox 640 473 713 505; x_wconf 86' lang='lat' dir='ltr'><strong>aut</strong></span> <span class='ocrx_word' id='word_1_33' title='bbox 733 465 871 519; x_wconf 88' lang='lat' dir='ltr'><strong>Phryx</strong></span> <span class='ocrx_word' id='word_1_34' title='bbox 891 473 964 506; x_wconf 90' lang='lat' dir='ltr'><strong>aut</strong></span> <span class='ocrx_word' id='word_1_35' title='bbox 984 467 1131 506; x_wconf 87' lang='lat' dir='ltr'><strong>Graius</strong></span> <span class='ocrx_word' id='word_1_36' title='bbox 1151 467 1349 506; x_wconf 86' lang='lat' dir='ltr'><strong>alumnos.</strong></span> 
     </span>
     <span class='ocr_line' id='line_1_7' title="bbox 194 521 1140 570; baseline 0.005 -14"><span class='ocrx_word' id='word_1_37' title='bbox 194 521 374 570; x_wconf 85' lang='lat' dir='ltr'><strong>antiquis</strong></span> <span class='ocrx_word' id='word_1_38' title='bbox 394 521 604 560; x_wconf 87' lang='lat' dir='ltr'><strong>elementa</strong></span> <span class='ocrx_word' id='word_1_39' title='bbox 621 521 765 560; x_wconf 90' lang='lat' dir='ltr'><strong>labant</strong></span> <span class='ocrx_word' id='word_1_40' title='bbox 785 523 1002 568; x_wconf 85' lang='lat' dir='ltr'><strong>erroribus,</strong></span> <span class='ocrx_word' id='word_1_41' title='bbox 1021 536 1068 560; x_wconf 89' lang='lat' dir='ltr'><strong>ac</strong></span> <span class='ocrx_word' id='word_1_42' title='bbox 1087 522 1140 561; x_wconf 91' lang='lat' dir='ltr'><strong>de</strong></span> 
     </span>
     <span class='ocr_line' id='line_1_8' title="bbox 173 572 1193 628; baseline 0.005 -18"><span class='ocrx_word' id='word_1_43' title='bbox 173 572 379 625; x_wconf 81' lang='lat' dir='ltr'><strong>‚legitimo</strong></span> <span class='ocrx_word' id='word_1_44' title='bbox 398 575 580 614; x_wconf 88' lang='lat' dir='ltr'><strong>discussa</strong></span> <span class='ocrx_word' id='word_1_45' title='bbox 598 576 721 615; x_wconf 92' lang='lat' dir='ltr'><strong>modo</strong></span> <span class='ocrx_word' id='word_1_46' title='bbox 739 577 984 628; x_wconf 91' lang='lat' dir='ltr'><strong>plerumque</strong></span> <span class='ocrx_word' id='word_1_47' title='bbox 1002 576 1193 616; x_wconf 87' lang='lat' dir='ltr'><strong>feruntur</strong></span> 
     </span>
    </p>

    <p class='ocr_par' dir='ltr' id='par_1_3' title="bbox 191 630 1411 739">
     <span class='ocr_line' id='line_1_9' title="bbox 191 630 1411 682; baseline 0.004 -16"><span class='ocrx_word' id='word_1_48' title='bbox 191 630 234 665; x_wconf 92' lang='lat' dir='ltr'><strong>in</strong></span> <span class='ocrx_word' id='word_1_49' title='bbox 253 642 369 667; x_wconf 87' lang='lat' dir='ltr'><strong>casus</strong></span> <span class='ocrx_word' id='word_1_50' title='bbox 390 630 490 669; x_wconf 88' lang='lat' dir='ltr'><strong>alios</strong></span> <span class='ocrx_word' id='word_1_51' title='bbox 509 644 634 682; x_wconf 90' lang='lat' dir='ltr'><strong>quam</strong></span> <span class='ocrx_word' id='word_1_52' title='bbox 652 631 721 669; x_wconf 90' lang='lat' dir='ltr'><strong>lex</strong></span> <span class='ocrx_word' id='word_1_53' title='bbox 739 631 869 670; x_wconf 91' lang='lat' dir='ltr'><strong>habet</strong></span> <span class='ocrx_word' id='word_1_54' title='bbox 888 637 961 670; x_wconf 90' lang='lat' dir='ltr'><strong>aut</strong></span> <span class='ocrx_word' id='word_1_55' title='bbox 979 634 1060 670; x_wconf 89' lang='lat' dir='ltr'><strong>iter</strong></span> <span class='ocrx_word' id='word_1_56' title='bbox 1079 634 1187 670; x_wconf 87' lang='lat' dir='ltr'><strong>anni.</strong></span> <span class='ocrx_word' id='word_1_57' title='bbox 1334 633 1411 672; x_wconf 83' lang='lat'><strong>975</strong></span> 
     </span>
     <span class='ocr_line' id='line_1_10' title="bbox 192 685 1213 739; baseline 0.004 -19"><span class='ocrx_word' id='word_1_58' title='bbox 192 696 301 721; x_wconf 88' lang='lat' dir='ltr'><strong>nunc</strong></span> <span class='ocrx_word' id='word_1_59' title='bbox 320 688 524 724; x_wconf 87' lang='lat' dir='ltr'><strong>consumit</strong></span> <span class='ocrx_word' id='word_1_60' title='bbox 544 685 650 724; x_wconf 86' lang='lat' dir='ltr'><strong>edax</strong></span> <span class='ocrx_word' id='word_1_61' title='bbox 670 692 859 738; x_wconf 88' lang='lat' dir='ltr'><strong>segetem</strong></span> <span class='ocrx_word' id='word_1_62' title='bbox 877 687 1024 738; x_wconf 87' lang='lat' dir='ltr'><strong>rubigo</strong></span> <span class='ocrx_word' id='word_1_63' title='bbox 1042 686 1213 739; x_wconf 87' lang='lat' dir='ltr'><strong>maligni</strong></span> 
     </span>
    </p>

    <p class='ocr_par' dir='ltr' id='par_1_4' title="bbox 192 740 1110 792">
     <span class='ocr_line' id='line_1_11' title="bbox 192 740 1110 792; baseline 0.004 -17"><span class='ocrx_word' id='word_1_64' title='bbox 192 741 296 776; x_wconf 72' lang='lat' dir='ltr'><strong>aeris</strong></span> <span class='ocrx_word' id='word_1_65' title='bbox 317 752 367 776; x_wconf 92' lang='lat' dir='ltr'><strong>ex</strong></span> <span class='ocrx_word' id='word_1_66' title='bbox 388 742 502 785; x_wconf 89' lang='lat' dir='ltr'><strong>vitio,</strong></span> <span class='ocrx_word' id='word_1_67' title='bbox 521 754 630 778; x_wconf 92' lang='lat' dir='ltr'><strong>nunc</strong></span> <span class='ocrx_word' id='word_1_68' title='bbox 649 740 812 792; x_wconf 89' lang='lat' dir='ltr'><strong>culpam</strong></span> <span class='ocrx_word' id='word_1_69' title='bbox 831 754 928 779; x_wconf 91' lang='lat' dir='ltr'><strong>vere</strong></span> <span class='ocrx_word' id='word_1_70' title='bbox 947 744 1110 792; x_wconf 88' lang='lat' dir='ltr'><strong>tepenti</strong></span> 
     </span>
    </p>

    <p class='ocr_par' dir='ltr' id='par_1_5' title="bbox 191 794 1188 903">
     <span class='ocr_line' id='line_1_12' title="bbox 191 794 1186 848; baseline 0.004 -18"><span class='ocrx_word' id='word_1_71' title='bbox 191 799 285 843; x_wconf 92' lang='lat' dir='ltr'><strong>post</strong></span> <span class='ocrx_word' id='word_1_72' title='bbox 304 794 504 846; x_wconf 88' lang='lat' dir='ltr'><strong>zephyros</strong></span> <span class='ocrx_word' id='word_1_73' title='bbox 523 795 651 846; x_wconf 89' lang='lat' dir='ltr'><strong>gelidi</strong></span> <span class='ocrx_word' id='word_1_74' title='bbox 669 795 820 848; x_wconf 86' lang='lat' dir='ltr'><strong>glacies</strong></span> <span class='ocrx_word' id='word_1_75' title='bbox 841 795 1041 847; x_wconf 88' lang='lat' dir='ltr'><strong>aquilonis</strong></span> <span class='ocrx_word' id='word_1_76' title='bbox 1059 798 1186 834; x_wconf 90' lang='lat' dir='ltr'><strong>inurit</strong></span> 
     </span>
     <span class='ocr_line' id='line_1_13' title="bbox 191 848 1188 903; baseline 0.004 -18"><span class='ocrx_word' id='word_1_77' title='bbox 191 848 512 900; x_wconf 86' lang='lat' dir='ltr'><strong>ambustumque</strong></span> <span class='ocrx_word' id='word_1_78' title='bbox 532 856 658 901; x_wconf 88' lang='lat' dir='ltr'><strong>caput</strong></span> <span class='ocrx_word' id='word_1_79' title='bbox 677 850 800 888; x_wconf 91' lang='lat' dir='ltr'><strong>culmi</strong></span> <span class='ocrx_word' id='word_1_80' title='bbox 819 850 990 902; x_wconf 88' lang='lat' dir='ltr'><strong>fuligine</strong></span> <span class='ocrx_word' id='word_1_81' title='bbox 1010 853 1188 903; x_wconf 83' lang='lat' dir='ltr'><strong>tinguit3</strong></span> 
     </span>
    </p>

    <p class='ocr_par' dir='ltr' id='par_1_6' title="bbox 190 905 1410 1012">
     <span class='ocr_line' id='line_1_14' title="bbox 190 905 1410 957; baseline 0.004 -17"><span class='ocrx_word' id='word_1_82' title='bbox 190 905 356 941; x_wconf 89' lang='lat' dir='ltr'><strong>seminis</strong></span> <span class='ocrx_word' id='word_1_83' title='bbox 377 909 450 942; x_wconf 87' lang='lat' dir='ltr'><strong>aut</strong></span> <span class='ocrx_word' id='word_1_84' title='bbox 469 907 603 942; x_wconf 88' lang='lat' dir='ltr'><strong>teneri</strong></span> <span class='ocrx_word' id='word_1_85' title='bbox 622 910 793 956; x_wconf 89' lang='lat' dir='ltr'><strong>turgens</strong></span> <span class='ocrx_word' id='word_1_86' title='bbox 813 905 912 943; x_wconf 91' lang='lat' dir='ltr'><strong>dum</strong></span> <span class='ocrx_word' id='word_1_87' title='bbox 931 907 1138 957; x_wconf 83' lang='lat' dir='ltr'><strong>germinat</strong></span> <span class='ocrx_word' id='word_1_88' title='bbox 1156 905 1299 951; x_wconf 85' lang='lat' dir='ltr'><strong>herba,</strong></span> <span class='ocrx_word' id='word_1_89' title='bbox 1333 907 1410 946; x_wconf 87' lang='lat'><strong>980</strong></span> 
     </span>
     <span class='ocr_line' id='line_1_15' title="bbox 190 960 1173 1012; baseline 0.005 -18"><span class='ocrx_word' id='word_1_90' title='bbox 190 960 394 996; x_wconf 90' lang='lat' dir='ltr'><strong>continuis</strong></span> <span class='ocrx_word' id='word_1_91' title='bbox 413 961 632 1010; x_wconf 90' lang='lat' dir='ltr'><strong>nimiisque</strong></span> <span class='ocrx_word' id='word_1_92' title='bbox 650 962 760 1011; x_wconf 88' lang='lat' dir='ltr'><strong>perit</strong></span> <span class='ocrx_word' id='word_1_93' title='bbox 778 963 1000 998; x_wconf 87' lang='lat' dir='ltr'><strong>constricta</strong></span> <span class='ocrx_word' id='word_1_94' title='bbox 1018 963 1173 1012; x_wconf 88' lang='lat' dir='ltr'><strong>pruinis</strong></span> 
     </span>
    </p>

    <p class='ocr_par' dir='ltr' id='par_1_7' title="bbox 190 1014 1216 1067">
     <span class='ocr_line' id='line_1_16' title="bbox 190 1014 1216 1067; baseline 0.004 -18"><span class='ocrx_word' id='word_1_95' title='bbox 190 1025 267 1050; x_wconf 91' lang='lat' dir='ltr'><strong>nec</strong></span> <span class='ocrx_word' id='word_1_96' title='bbox 285 1015 393 1063; x_wconf 89' lang='lat' dir='ltr'><strong>potis</strong></span> <span class='ocrx_word' id='word_1_97' title='bbox 414 1019 478 1052; x_wconf 90' lang='lat' dir='ltr'><strong>est</strong></span> <span class='ocrx_word' id='word_1_98' title='bbox 497 1019 669 1052; x_wconf 88' lang='lat' dir='ltr'><strong>tenuem</strong></span> <span class='ocrx_word' id='word_1_99' title='bbox 689 1014 827 1052; x_wconf 87' lang='lat' dir='ltr'><strong>telluri</strong></span> <span class='ocrx_word' id='word_1_100' title='bbox 846 1015 1028 1067; x_wconf 88' lang='lat' dir='ltr'><strong>adfigere</strong></span> <span class='ocrx_word' id='word_1_101' title='bbox 1048 1015 1216 1061; x_wconf 86' lang='lat' dir='ltr'><strong>fibram;</strong></span> 
     </span>
    </p>

    <p class='ocr_par' dir='ltr' id='par_1_8' title="bbox 190 1068 1069 1121">
     <span class='ocr_line' id='line_1_17' title="bbox 190 1068 1069 1121; baseline 0.005 -17"><span class='ocrx_word' id='word_1_102' title='bbox 190 1080 286 1104; x_wconf 91' lang='lat' dir='ltr'><strong>mox</strong></span> <span class='ocrx_word' id='word_1_103' title='bbox 307 1070 441 1106; x_wconf 88' lang='lat' dir='ltr'><strong>eiecta</strong></span> <span class='ocrx_word' id='word_1_104' title='bbox 460 1068 545 1107; x_wconf 92' lang='lat' dir='ltr'><strong>solo</strong></span> <span class='ocrx_word' id='word_1_105' title='bbox 563 1069 696 1120; x_wconf 89' lang='lat' dir='ltr'><strong>glacie</strong></span> <span class='ocrx_word' id='word_1_106' title='bbox 715 1069 878 1108; x_wconf 90' lang='lat' dir='ltr'><strong>sidente</strong></span> <span class='ocrx_word' id='word_1_107' title='bbox 897 1069 1069 1121; x_wconf 87' lang='lat' dir='ltr'><strong>superfit</strong></span> 
     </span>
    </p>

    <p class='ocr_par' dir='ltr' id='par_1_9' title="bbox 190 1122 1081 1173">
     <span class='ocr_line' id='line_1_18' title="bbox 190 1122 1081 1173; baseline 0.003 -14"><span class='ocrx_word' id='word_1_108' title='bbox 190 1122 384 1173; x_wconf 89' lang='lat' dir='ltr'><strong>nudaque</strong></span> <span class='ocrx_word' id='word_1_109' title='bbox 404 1123 607 1162; x_wconf 92' lang='lat' dir='ltr'><strong>subducto</strong></span> <span class='ocrx_word' id='word_1_110' title='bbox 626 1124 743 1162; x_wconf 89' lang='lat' dir='ltr'><strong>radix</strong></span> <span class='ocrx_word' id='word_1_111' title='bbox 763 1124 954 1162; x_wconf 87' lang='lat' dir='ltr'><strong>avellitur</strong></span> <span class='ocrx_word' id='word_1_112' title='bbox 973 1138 1081 1163; x_wconf 88' lang='lat' dir='ltr'><strong>arvo.</strong></span> 
     </span>
    </p>

    <p class='ocr_par' dir='ltr' id='par_1_10' title="bbox 189 1178 1408 1340">
     <span class='ocr_line' id='line_1_19' title="bbox 190 1178 1408 1227; baseline 0.004 -13"><span class='ocrx_word' id='word_1_113' title='bbox 190 1179 390 1227; x_wconf 86' lang='lat' dir='ltr'><strong>ancipites</strong></span> <span class='ocrx_word' id='word_1_114' title='bbox 410 1178 551 1216; x_wconf 88' lang='lat' dir='ltr'><strong>tribuli</strong></span> <span class='ocrx_word' id='word_1_115' title='bbox 570 1179 751 1217; x_wconf 89' lang='lat' dir='ltr'><strong>subeunt</strong></span> <span class='ocrx_word' id='word_1_116' title='bbox 771 1184 815 1217; x_wconf 92' lang='lat' dir='ltr'><strong>et</strong></span> <span class='ocrx_word' id='word_1_117' title='bbox 833 1179 1007 1217; x_wconf 88' lang='lat' dir='ltr'><strong>carduus</strong></span> <span class='ocrx_word' id='word_1_118' title='bbox 1026 1178 1218 1225; x_wconf 82' lang='lat' dir='ltr'><strong>horrens3</strong></span> <span class='ocrx_word' id='word_1_119' title='bbox 1332 1181 1408 1220; x_wconf 87' lang='lat'><strong>985</strong></span> 
     </span>
     <span class='ocr_line' id='line_1_20' title="bbox 189 1230 1213 1279; baseline 0.004 -11"><span class='ocrx_word' id='word_1_120' title='bbox 189 1230 262 1269; x_wconf 91' lang='lat' dir='ltr'><strong>hos</strong></span> <span class='ocrx_word' id='word_1_121' title='bbox 282 1231 364 1270; x_wconf 90' lang='lat' dir='ltr'><strong>fert</strong></span> <span class='ocrx_word' id='word_1_122' title='bbox 384 1235 490 1271; x_wconf 87' lang='lat' dir='ltr'><strong>sicca</strong></span> <span class='ocrx_word' id='word_1_123' title='bbox 508 1235 611 1279; x_wconf 85' lang='lat' dir='ltr'><strong>sitis,</strong></span> <span class='ocrx_word' id='word_1_124' title='bbox 629 1233 739 1271; x_wconf 88' lang='lat' dir='ltr'><strong>hunc</strong></span> <span class='ocrx_word' id='word_1_125' title='bbox 759 1234 894 1272; x_wconf 90' lang='lat' dir='ltr'><strong>ebrius</strong></span> <span class='ocrx_word' id='word_1_126' title='bbox 915 1234 1066 1272; x_wconf 86' lang='lat' dir='ltr'><strong>educat</strong></span> <span class='ocrx_word' id='word_1_127' title='bbox 1084 1248 1213 1272; x_wconf 89' lang='lat' dir='ltr'><strong>umor.</strong></span> 
     </span>
     <span class='ocr_line' id='line_1_21' title="bbox 189 1286 1133 1340; baseline 0.004 -17"><span class='ocrx_word' id='word_1_128' title='bbox 189 1289 413 1337; x_wconf 87' lang='lat' dir='ltr'><strong>temperies</strong></span> <span class='ocrx_word' id='word_1_129' title='bbox 434 1286 561 1325; x_wconf 88' lang='lat' dir='ltr'><strong>effusa</strong></span> <span class='ocrx_word' id='word_1_130' title='bbox 579 1290 714 1326; x_wconf 92' lang='lat' dir='ltr'><strong>minus</strong></span> <span class='ocrx_word' id='word_1_131' title='bbox 734 1288 798 1326; x_wconf 92' lang='lat' dir='ltr'><strong>vel</strong></span> <span class='ocrx_word' id='word_1_132' title='bbox 817 1288 908 1339; x_wconf 90' lang='lat' dir='ltr'><strong>plus</strong></span> <span class='ocrx_word' id='word_1_133' title='bbox 929 1291 1016 1340; x_wconf 88' lang='lat' dir='ltr'><strong>agit</strong></span> <span class='ocrx_word' id='word_1_134' title='bbox 1034 1291 1133 1327; x_wconf 90' lang='lat' dir='ltr'><strong>istos</strong></span> 
     </span>
    </p>

    <p class='ocr_par' dir='ltr' id='par_1_11' title="bbox 188 1342 1269 1395">
     <span class='ocr_line' id='line_1_22' title="bbox 188 1342 1269 1395; baseline 0.004 -17"><span class='ocrx_word' id='word_1_135' title='bbox 188 1346 392 1379; x_wconf 87' lang='lat' dir='ltr'><strong>terrarum</strong></span> <span class='ocrx_word' id='word_1_136' title='bbox 411 1342 574 1380; x_wconf 91' lang='lat' dir='ltr'><strong>morbos</strong></span> <span class='ocrx_word' id='word_1_137' title='bbox 595 1349 638 1381; x_wconf 91' lang='lat' dir='ltr'><strong>et</strong></span> <span class='ocrx_word' id='word_1_138' title='bbox 657 1343 858 1380; x_wconf 90' lang='lat' dir='ltr'><strong>mundum</strong></span> <span class='ocrx_word' id='word_1_139' title='bbox 876 1343 1067 1382; x_wconf 89' lang='lat' dir='ltr'><strong>vulnerat</strong></span> <span class='ocrx_word' id='word_1_140' title='bbox 1085 1357 1269 1395; x_wconf 88' lang='lat' dir='ltr'><strong>aegrum.</strong></span> 
     </span>
    </p>

    <p class='ocr_par' dir='ltr' id='par_1_12' title="bbox 188 1395 1103 1449">
     <span class='ocr_line' id='line_1_23' title="bbox 188 1395 1103 1449; baseline 0.004 -17"><span class='ocrx_word' id='word_1_141' title='bbox 188 1409 271 1433; x_wconf 92' lang='lat' dir='ltr'><strong>non</strong></span> <span class='ocrx_word' id='word_1_142' title='bbox 291 1395 411 1434; x_wconf 86' lang='lat' dir='ltr'><strong>aliter</strong></span> <span class='ocrx_word' id='word_1_143' title='bbox 429 1399 558 1435; x_wconf 89' lang='lat' dir='ltr'><strong>nostri</strong></span> <span class='ocrx_word' id='word_1_144' title='bbox 577 1403 791 1448; x_wconf 89' lang='lat' dir='ltr'><strong>corruptus</strong></span> <span class='ocrx_word' id='word_1_145' title='bbox 811 1400 987 1449; x_wconf 90' lang='lat' dir='ltr'><strong>corporis</strong></span> <span class='ocrx_word' id='word_1_146' title='bbox 1007 1411 1103 1436; x_wconf 91' lang='lat' dir='ltr'><strong>usus</strong></span> 
     </span>
    </p>

    <p class='ocr_par' dir='ltr' id='par_1_13' title="bbox 187 1451 1407 1556">
     <span class='ocr_line' id='line_1_24' title="bbox 187 1451 1407 1503; baseline 0.005 -16"><span class='ocrx_word' id='word_1_147' title='bbox 187 1452 230 1487; x_wconf 90' lang='lat' dir='ltr'><strong>in</strong></span> <span class='ocrx_word' id='word_1_148' title='bbox 251 1453 395 1488; x_wconf 90' lang='lat' dir='ltr'><strong>vitium</strong></span> <span class='ocrx_word' id='word_1_149' title='bbox 414 1451 658 1503; x_wconf 87' lang='lat' dir='ltr'><strong>plerumque</strong></span> <span class='ocrx_word' id='word_1_150' title='bbox 678 1452 790 1490; x_wconf 86' lang='lat' dir='ltr'><strong>cadit</strong></span> <span class='ocrx_word' id='word_1_151' title='bbox 808 1465 885 1490; x_wconf 89' lang='lat' dir='ltr'><strong>nec</strong></span> <span class='ocrx_word' id='word_1_152' title='bbox 902 1455 946 1490; x_wconf 91' lang='lat' dir='ltr'><strong>in</strong></span> <span class='ocrx_word' id='word_1_153' title='bbox 965 1452 1107 1491; x_wconf 90' lang='lat' dir='ltr'><strong>ordine</strong></span> <span class='ocrx_word' id='word_1_154' title='bbox 1125 1458 1240 1491; x_wconf 85' lang='lat' dir='ltr'><strong>recto</strong></span> <span class='ocrx_word' id='word_1_155' title='bbox 1331 1454 1407 1493; x_wconf 88' lang='grc'><strong>990</strong></span> 
     </span>
     <span class='ocr_line' id='line_1_25' title="bbox 187 1506 1223 1556; baseline 0.004 -14"><span class='ocrx_word' id='word_1_156' title='bbox 187 1511 348 1556; x_wconf 89' lang='lat' dir='ltr'><strong>perstat</strong></span> <span class='ocrx_word' id='word_1_157' title='bbox 368 1511 412 1544; x_wconf 90' lang='lat' dir='ltr'><strong>et</strong></span> <span class='ocrx_word' id='word_1_158' title='bbox 432 1519 601 1544; x_wconf 88' lang='lat' dir='ltr'><strong>excessu</strong></span> <span class='ocrx_word' id='word_1_159' title='bbox 620 1507 910 1546; x_wconf 90' lang='lat' dir='ltr'><strong>moderaminis</strong></span> <span class='ocrx_word' id='word_1_160' title='bbox 930 1506 1068 1546; x_wconf 88' lang='lat' dir='ltr'><strong>adficit</strong></span> <span class='ocrx_word' id='word_1_161' title='bbox 1087 1513 1223 1553; x_wconf 88' lang='lat' dir='ltr'><strong>artus;</strong></span> 
     </span>
    </p>

    <p class='ocr_par' dir='ltr' id='par_1_14' title="bbox 188 1561 1354 1723">
     <span class='ocr_line' id='line_1_26' title="bbox 188 1561 1305 1614; baseline 0.004 -18"><span class='ocrx_word' id='word_1_162' title='bbox 188 1573 293 1597; x_wconf 86' lang='lat' dir='ltr'><strong>unus</strong></span> <span class='ocrx_word' id='word_1_163' title='bbox 315 1563 424 1598; x_wconf 89' lang='lat' dir='ltr'><strong>enim</strong></span> <span class='ocrx_word' id='word_1_164' title='bbox 443 1566 576 1599; x_wconf 85' lang='lat' dir='ltr'><strong>status</strong></span> <span class='ocrx_word' id='word_1_165' title='bbox 598 1567 662 1600; x_wconf 91' lang='lat' dir='ltr'><strong>est</strong></span> <span class='ocrx_word' id='word_1_166' title='bbox 680 1561 907 1613; x_wconf 91' lang='lat' dir='ltr'><strong>mundique</strong></span> <span class='ocrx_word' id='word_1_167' title='bbox 927 1568 971 1600; x_wconf 90' lang='lat' dir='ltr'><strong>et</strong></span> <span class='ocrx_word' id='word_1_168' title='bbox 990 1565 1167 1614; x_wconf 90' lang='lat' dir='ltr'><strong>corporis</strong></span> <span class='ocrx_word' id='word_1_169' title='bbox 1186 1561 1305 1601; x_wconf 92' lang='lat' dir='ltr'><strong>huius</strong></span> 
     </span>
     <span class='ocr_line' id='line_1_27' title="bbox 188 1614 1354 1669; baseline 0.003 -17"><span class='ocrx_word' id='word_1_170' title='bbox 188 1614 299 1665; x_wconf 90' lang='lat' dir='ltr'><strong>quod</strong></span> <span class='ocrx_word' id='word_1_171' title='bbox 317 1617 521 1666; x_wconf 85' lang='lat' dir='ltr'><strong>gerimus3</strong></span> <span class='ocrx_word' id='word_1_172' title='bbox 554 1622 704 1654; x_wconf 88' lang='lat' dir='ltr'><strong>natura</strong></span> <span class='ocrx_word' id='word_1_173' title='bbox 723 1616 871 1654; x_wconf 87' lang='lat' dir='ltr'><strong>eadem</strong></span> <span class='ocrx_word' id='word_1_174' title='bbox 890 1622 1100 1655; x_wconf 86' lang='lat' dir='ltr'><strong>sustentat</strong></span> <span class='ocrx_word' id='word_1_175' title='bbox 1118 1623 1354 1669; x_wconf 90' lang='lat' dir='ltr'><strong>utrumque.</strong></span> 
     </span>
     <span class='ocr_line' id='line_1_28' title="bbox 189 1668 1175 1723; baseline 0.004 -17"><span class='ocrx_word' id='word_1_176' title='bbox 189 1668 302 1707; x_wconf 87' lang='lat' dir='ltr'><strong>edita</strong></span> <span class='ocrx_word' id='word_1_177' title='bbox 321 1669 374 1708; x_wconf 90' lang='lat' dir='ltr'><strong>de</strong></span> <span class='ocrx_word' id='word_1_178' title='bbox 393 1670 519 1709; x_wconf 92' lang='lat' dir='ltr'><strong>nihilo</strong></span> <span class='ocrx_word' id='word_1_179' title='bbox 538 1677 742 1717; x_wconf 88' lang='lat' dir='ltr'><strong>crescunt,</strong></span> <span class='ocrx_word' id='word_1_180' title='bbox 760 1671 1016 1723; x_wconf 90' lang='lat' dir='ltr'><strong>nihilumque</strong></span> <span class='ocrx_word' id='word_1_181' title='bbox 1035 1670 1175 1710; x_wconf 87' lang='lat' dir='ltr'><strong>futura</strong></span> 
     </span>
    </p>
   </div>
   <div class='ocr_carea' id='block_1_3' title="bbox 187 1807 1405 2106">
    <p class='ocr_par' dir='ltr' id='par_1_15' title="bbox 187 1807 1405 1938">
     <span class='ocr_line' id='line_1_29' title="bbox 235 1807 1405 1852; baseline 0.003 -13"><span class='ocrx_word' id='word_1_182' title='bbox 235 1811 250 1826; x_wconf 83' lang='lat'><strong>‘¹</strong></span> <span class='ocrx_word' id='word_1_183' title='bbox 274 1807 487 1846; x_wconf 83' lang='lat' dir='ltr'><strong>Laomedon,</strong></span> <span class='ocrx_word' id='word_1_184' title='bbox 507 1808 586 1840; x_wconf 86' lang='lat' dir='ltr'><strong>who</strong></span> <span class='ocrx_word' id='word_1_185' title='bbox 605 1808 791 1851; x_wconf 85' lang='lat' dir='ltr'><strong>employed</strong></span> <span class='ocrx_word' id='word_1_186' title='bbox 809 1809 871 1841; x_wconf 87' lang='lat' dir='ltr'><strong>the</strong></span> <span class='ocrx_word' id='word_1_187' title='bbox 892 1809 978 1851; x_wconf 86' lang='lat' dir='ltr'><strong>gods</strong></span> <span class='ocrx_word' id='word_1_188' title='bbox 997 1809 1170 1842; x_wconf 83' lang='lat' dir='ltr'><strong>Poseidon</strong></span> <span class='ocrx_word' id='word_1_189' title='bbox 1189 1809 1260 1842; x_wconf 86' lang='lat' dir='ltr'><strong>and</strong></span> <span class='ocrx_word' id='word_1_190' title='bbox 1278 1809 1405 1852; x_wconf 88' lang='lat' dir='ltr'><strong>Apollo</strong></span> 
     </span>
     <span class='ocr_line' id='line_1_30' title="bbox 188 1851 1404 1895; baseline 0.003 -13"><span class='ocrx_word' id='word_1_191' title='bbox 188 1854 226 1882; x_wconf 88' lang='lat' dir='ltr'><strong>to</strong></span> <span class='ocrx_word' id='word_1_192' title='bbox 250 1851 348 1883; x_wconf 91' lang='lat' dir='ltr'><strong>build</strong></span> <span class='ocrx_word' id='word_1_193' title='bbox 370 1851 431 1884; x_wconf 86' lang='lat' dir='ltr'><strong>the</strong></span> <span class='ocrx_word' id='word_1_194' title='bbox 453 1851 550 1884; x_wconf 82' lang='lat' dir='ltr'><strong>walls</strong></span> <span class='ocrx_word' id='word_1_195' title='bbox 572 1852 613 1884; x_wconf 86' lang='lat' dir='ltr'><strong>of</strong></span> <span class='ocrx_word' id='word_1_196' title='bbox 630 1853 724 1895; x_wconf 91' lang='lat' dir='ltr'><strong>Troy</strong></span> <span class='ocrx_word' id='word_1_197' title='bbox 746 1853 813 1885; x_wconf 88' lang='lat' dir='ltr'><strong>but</strong></span> <span class='ocrx_word' id='word_1_198' title='bbox 833 1852 1039 1886; x_wconf 81' lang='lat' dir='ltr'><strong>afterwards</strong></span> <span class='ocrx_word' id='word_1_199' title='bbox 1061 1853 1200 1886; x_wconf 84' lang='lat' dir='ltr'><strong>refused</strong></span> <span class='ocrx_word' id='word_1_200' title='bbox 1222 1853 1321 1886; x_wconf 87' lang='lat' dir='ltr'><strong>them</strong></span> <span class='ocrx_word' id='word_1_201' title='bbox 1342 1853 1404 1887; x_wconf 87' lang='lat' dir='ltr'><strong>the</strong></span> 
     </span>
     <span class='ocr_line' id='line_1_31' title="bbox 187 1895 715 1938; baseline 0.006 -12"><span class='ocrx_word' id='word_1_202' title='bbox 187 1899 359 1937; x_wconf 87' lang='lat' dir='ltr'><strong>payment</strong></span> <span class='ocrx_word' id='word_1_203' title='bbox 377 1895 420 1928; x_wconf 90' lang='lat' dir='ltr'><strong>he</strong></span> <span class='ocrx_word' id='word_1_204' title='bbox 439 1896 510 1928; x_wconf 84' lang='lat' dir='ltr'><strong>had</strong></span> <span class='ocrx_word' id='word_1_205' title='bbox 528 1897 715 1938; x_wconf 86' lang='lat' dir='ltr'><strong>promised.</strong></span> 
     </span>
    </p>

    <p class='ocr_par' dir='ltr' id='par_1_16' title="bbox 187 1939 1404 2106">
     <span class='ocr_line' id='line_1_32' title="bbox 239 1939 1404 1983; baseline 0.003 -12"><span class='ocrx_word' id='word_1_206' title='bbox 239 1939 252 1959; x_wconf 57' lang='grc' dir='ltr'><strong>θ</strong></span> <span class='ocrx_word' id='word_1_207' title='bbox 276 1939 384 1972; x_wconf 83' lang='lat' dir='ltr'><strong>Vesta</strong></span> <span class='ocrx_word' id='word_1_208' title='bbox 400 1940 428 1972; x_wconf 82' lang='lat' dir='ltr'><strong>is</strong></span> <span class='ocrx_word' id='word_1_209' title='bbox 445 1940 611 1972; x_wconf 81' lang='lat' dir='ltr'><strong>identical</strong></span> <span class='ocrx_word' id='word_1_210' title='bbox 627 1941 713 1973; x_wconf 83' lang='lat' dir='ltr'><strong>with</strong></span> <span class='ocrx_word' id='word_1_211' title='bbox 730 1941 791 1973; x_wconf 90' lang='lat' dir='ltr'><strong>the</strong></span> <span class='ocrx_word' id='word_1_212' title='bbox 808 1940 921 1973; x_wconf 88' lang='lat' dir='ltr'><strong>Greek</strong></span> <span class='ocrx_word' id='word_1_213' title='bbox 937 1941 1073 1974; x_wconf 80' lang='lat' dir='ltr'><strong>Hestia.</strong></span> <span class='ocrx_word' id='word_1_214' title='bbox 1120 1940 1230 1983; x_wconf 85' lang='lat' dir='ltr'><strong>virgil</strong></span> <span class='ocrx_word' id='word_1_215' title='bbox 1245 1940 1404 1982; x_wconf 67' lang='grc' dir='ltr'><strong>(Αεπείᾶ,</strong></span> 
     </span>
     <span class='ocr_line' id='line_1_33' title="bbox 187 1982 1404 2028; baseline 0.002 -13"><span class='ocrx_word' id='word_1_216' title='bbox 187 1982 237 2021; x_wconf 84' lang='lat'><strong>11,</strong></span> <span class='ocrx_word' id='word_1_217' title='bbox 259 1984 385 2024; x_wconf 84' lang='lat'>293-7)</span> <span class='ocrx_word' id='word_1_218' title='bbox 406 1987 603 2026; x_wconf 86' lang='lat' dir='ltr'><strong>represents</strong></span> <span class='ocrx_word' id='word_1_219' title='bbox 623 1984 685 2017; x_wconf 87' lang='lat' dir='ltr'><strong>the</strong></span> <span class='ocrx_word' id='word_1_220' title='bbox 705 1985 807 2026; x_wconf 79' lang='lat' dir='ltr'><strong>spirit</strong></span> <span class='ocrx_word' id='word_1_221' title='bbox 827 1985 867 2017; x_wconf 90' lang='lat' dir='ltr'><strong>of</strong></span> <span class='ocrx_word' id='word_1_222' title='bbox 884 1985 1017 2018; x_wconf 79' lang='lat' dir='ltr'><strong>Hector</strong></span> <span class='ocrx_word' id='word_1_223' title='bbox 1035 1986 1248 2028; x_wconf 83' lang='lat' dir='ltr'><strong>instructing</strong></span> <span class='ocrx_word' id='word_1_224' title='bbox 1267 1985 1404 2018; x_wconf 77' lang='lat' dir='ltr'><strong>Aeneas</strong></span> 
     </span>
     <span class='ocr_line' id='line_1_34' title="bbox 187 2026 1404 2072; baseline 0.002 -13"><span class='ocrx_word' id='word_1_225' title='bbox 187 2029 226 2058; x_wconf 85' lang='lat' dir='ltr'><strong>to</strong></span> <span class='ocrx_word' id='word_1_226' title='bbox 244 2026 326 2060; x_wconf 77' lang='lat' dir='ltr'><strong>take</strong></span> <span class='ocrx_word' id='word_1_227' title='bbox 345 2027 454 2060; x_wconf 85' lang='lat' dir='ltr'><strong>Vesta</strong></span> <span class='ocrx_word' id='word_1_228' title='bbox 470 2028 542 2060; x_wconf 83' lang='lat' dir='ltr'><strong>and</strong></span> <span class='ocrx_word' id='word_1_229' title='bbox 559 2028 620 2060; x_wconf 87' lang='lat' dir='ltr'><strong>the</strong></span> <span class='ocrx_word' id='word_1_230' title='bbox 638 2028 789 2061; x_wconf 82' lang='lat' dir='ltr'><strong>Penates</strong></span> <span class='ocrx_word' id='word_1_231' title='bbox 807 2029 848 2061; x_wconf 89' lang='lat' dir='ltr'><strong>of</strong></span> <span class='ocrx_word' id='word_1_232' title='bbox 861 2029 955 2071; x_wconf 88' lang='lat' dir='ltr'><strong>Troy</strong></span> <span class='ocrx_word' id='word_1_233' title='bbox 971 2028 1063 2062; x_wconf 89' lang='lat' dir='ltr'><strong>from</strong></span> <span class='ocrx_word' id='word_1_234' title='bbox 1080 2029 1142 2062; x_wconf 83' lang='lat' dir='ltr'><strong>the</strong></span> <span class='ocrx_word' id='word_1_235' title='bbox 1160 2029 1311 2072; x_wconf 85' lang='lat' dir='ltr'><strong>buming</strong></span> <span class='ocrx_word' id='word_1_236' title='bbox 1329 2029 1404 2072; x_wconf 81' lang='lat' dir='ltr'><strong>city</strong></span> 
     </span>
     <span class='ocr_line' id='line_1_35' title="bbox 187 2071 1148 2106; baseline 0.003 -3"><span class='ocrx_word' id='word_1_237' title='bbox 187 2074 225 2103; x_wconf 88' lang='lat' dir='ltr'><strong>to</strong></span> <span class='ocrx_word' id='word_1_238' title='bbox 240 2071 302 2103; x_wconf 88' lang='lat' dir='ltr'><strong>the</strong></span> <span class='ocrx_word' id='word_1_239' title='bbox 316 2082 393 2104; x_wconf 87' lang='lat' dir='ltr'><strong>new</strong></span> <span class='ocrx_word' id='word_1_240' title='bbox 407 2071 511 2104; x_wconf 89' lang='lat' dir='ltr'><strong>home</strong></span> <span class='ocrx_word' id='word_1_241' title='bbox 526 2072 639 2105; x_wconf 86' lang='lat' dir='ltr'><strong>which</strong></span> <span class='ocrx_word' id='word_1_242' title='bbox 654 2072 697 2105; x_wconf 92' lang='lat' dir='ltr'><strong>he</strong></span> <span class='ocrx_word' id='word_1_243' title='bbox 712 2083 783 2105; x_wconf 82' lang='lat' dir='ltr'><strong>was</strong></span> <span class='ocrx_word' id='word_1_244' title='bbox 798 2072 959 2106; x_wconf 88' lang='lat' dir='ltr'><strong>destined</strong></span> <span class='ocrx_word' id='word_1_245' title='bbox 973 2076 1011 2106; x_wconf 91' lang='lat' dir='ltr'><strong>to</strong></span> <span class='ocrx_word' id='word_1_246' title='bbox 1026 2072 1148 2106; x_wconf 86' lang='lat' dir='ltr'><strong>found.</strong></span> 
     </span>
    </p>
   </div>
   <div class='ocr_carea' id='block_1_4' title="bbox 186 2134 235 2180">
    <p class='ocr_par' dir='ltr' id='par_1_17' title="bbox 186 2134 235 2180">
     <span class='ocr_line' id='line_1_36' title="bbox 186 2134 235 2180; baseline 0 0"><span class='ocrx_word' id='word_1_247' title='bbox 186 2134 235 2180; x_wconf 81' lang='lat'><strong>84</strong></span> 
     </span>
    </p>
   </div>
  </div>
 </body>
</html>
