<?xml version="1.0" encoding="UTF-8"?>
<!DOCTYPE html PUBLIC "-//W3C//DTD XHTML 1.0 Transitional//EN"
    "http://www.w3.org/TR/xhtml1/DTD/xhtml1-transitional.dtd">
<html xmlns="http://www.w3.org/1999/xhtml" xml:lang="en" lang="en">
 <head>
  <title>
</title>
<meta http-equiv="Content-Type" content="text/html;charset=utf-8" />
  <meta name='ocr-system' content='tesseract 3.04.00' />
  <meta name='ocr-capabilities' content='ocr_page ocr_carea ocr_par ocr_line ocrx_word'/>
</head>
<body>
  <div class='ocr_page' id='page_1' title='image "./prudentius00pruduoft/prudentius00pruduoft_0028.png"; bbox 0 0 1456 2358; ppageno 0'>
   <div class='ocr_carea' id='block_1_1' title="bbox 586 107 949 148">
    <p class='ocr_par' dir='ltr' id='par_1_1' title="bbox 586 107 949 148">
     <span class='ocr_line' id='line_1_1' title="bbox 586 107 949 148; baseline -0.003 -1"><span class='ocrx_word' id='word_1_1' title='bbox 586 107 949 148; x_wconf 88' lang='lat' dir='ltr'><strong>PRUDENTIUS</strong></span> 
     </span>
    </p>
   </div>
   <div class='ocr_carea' id='block_1_2' title="bbox 146 213 1375 1797">
    <p class='ocr_par' dir='ltr' id='par_1_2' title="bbox 154 213 1375 265">
     <span class='ocr_line' id='line_1_2' title="bbox 154 213 1375 265; baseline 0.002 -14"><span class='ocrx_word' id='word_1_2' title='bbox 154 227 252 251; x_wconf 87' lang='lat' dir='ltr'><strong>nam</strong></span> <span class='ocrx_word' id='word_1_3' title='bbox 270 215 304 252; x_wconf 87' lang='lat' dir='ltr'><strong>si</strong></span> <span class='ocrx_word' id='word_1_4' title='bbox 323 219 562 265; x_wconf 85' lang='lat' dir='ltr'><strong>corruptum</strong></span> <span class='ocrx_word' id='word_1_5' title='bbox 580 213 977 265; x_wconf 84' lang='lat' dir='ltr'><strong>corrumpendumve</strong></span> <span class='ocrx_word' id='word_1_6' title='bbox 998 213 1113 251; x_wconf 91' lang='lat' dir='ltr'><strong>Deus</strong></span> <span class='ocrx_word' id='word_1_7' title='bbox 1133 213 1234 264; x_wconf 88' lang='lat' dir='ltr'><strong>quid</strong></span> <span class='ocrx_word' id='word_1_8' title='bbox 1299 215 1375 254; x_wconf 88' lang='grc'><strong>116</strong></span> 
     </span>
    </p>

    <p class='ocr_par' dir='ltr' id='par_1_3' title="bbox 154 268 1254 319">
     <span class='ocr_line' id='line_1_3' title="bbox 154 268 1254 319; baseline 0 -13"><span class='ocrx_word' id='word_1_9' title='bbox 154 274 342 319; x_wconf 78' lang='lat' dir='ltr'><strong>praestat</strong></span> <span class='ocrx_word' id='word_1_10' title='bbox 360 268 572 319; x_wconf 77' lang='lat' dir='ltr'><strong>habetque</strong></span> <span class='ocrx_word' id='word_1_11' title='bbox 592 268 693 306; x_wconf 89' lang='lat' dir='ltr'>nihil</span> <span class='ocrx_word' id='word_1_12' title='bbox 712 268 823 319; x_wconf 91' lang='lat' dir='ltr'><strong>quod</strong></span> <span class='ocrx_word' id='word_1_13' title='bbox 841 270 895 306; x_wconf 89' lang='lat' dir='ltr'><strong>sit</strong></span> <span class='ocrx_word' id='word_1_14' title='bbox 913 270 1131 319; x_wconf 87' lang='lat' dir='ltr'><strong>pretiosius</strong></span> <span class='ocrx_word' id='word_1_15' title='bbox 1150 270 1254 314; x_wconf 88' lang='lat' dir='ltr'><strong>istis,</strong></span> 
     </span>
    </p>

    <p class='ocr_par' dir='ltr' id='par_1_4' title="bbox 153 322 1206 374">
     <span class='ocr_line' id='line_1_4' title="bbox 153 322 1206 374; baseline 0 -14"><span class='ocrx_word' id='word_1_16' title='bbox 153 336 312 374; x_wconf 86' lang='lat' dir='ltr'><strong>pauper</strong></span> <span class='ocrx_word' id='word_1_17' title='bbox 332 329 376 361; x_wconf 89' lang='lat' dir='ltr'><strong>et</strong></span> <span class='ocrx_word' id='word_1_18' title='bbox 394 322 578 361; x_wconf 89' lang='lat' dir='ltr'><strong>infirmus</strong></span> <span class='ocrx_word' id='word_1_19' title='bbox 599 328 643 361; x_wconf 93' lang='lat' dir='ltr'><strong>et</strong></span> <span class='ocrx_word' id='word_1_20' title='bbox 661 336 821 361; x_wconf 90' lang='lat' dir='ltr'><strong>summo</strong></span> <span class='ocrx_word' id='word_1_21' title='bbox 840 322 1033 374; x_wconf 88' lang='lat' dir='ltr'><strong>indignus</strong></span> <span class='ocrx_word' id='word_1_22' title='bbox 1051 322 1206 361; x_wconf 90' lang='lat' dir='ltr'><strong>honore</strong></span> 
     </span>
    </p>

    <p class='ocr_par' dir='ltr' id='par_1_5' title="bbox 154 377 1282 428">
     <span class='ocr_line' id='line_1_5' title="bbox 154 377 1282 428; baseline 0.001 -13"><span class='ocrx_word' id='word_1_23' title='bbox 154 383 199 415; x_wconf 89' lang='lat' dir='ltr'><strong>et</strong></span> <span class='ocrx_word' id='word_1_24' title='bbox 218 391 299 416; x_wconf 90' lang='lat' dir='ltr'><strong>non</strong></span> <span class='ocrx_word' id='word_1_25' title='bbox 319 380 580 428; x_wconf 89' lang='lat' dir='ltr'><strong>omnipotens</strong></span> <span class='ocrx_word' id='word_1_26' title='bbox 600 377 675 415; x_wconf 91' lang='lat' dir='ltr'><strong>sed</strong></span> <span class='ocrx_word' id='word_1_27' title='bbox 692 379 824 415; x_wconf 88' lang='lat' dir='ltr'><strong>inanis</strong></span> <span class='ocrx_word' id='word_1_28' title='bbox 843 380 1020 415; x_wconf 90' lang='lat' dir='ltr'><strong>numinis</strong></span> <span class='ocrx_word' id='word_1_29' title='bbox 1040 377 1186 415; x_wconf 86' lang='lat' dir='ltr'><strong>umbra</strong></span> <span class='ocrx_word' id='word_1_30' title='bbox 1205 382 1282 423; x_wconf 83' lang='lat' dir='ltr'><strong>est.</strong></span> 
     </span>
    </p>

    <p class='ocr_par' dir='ltr' id='par_1_6' title="bbox 153 431 1374 483">
     <span class='ocr_line' id='line_1_6' title="bbox 153 431 1374 483; baseline 0.002 -14"><span class='ocrx_word' id='word_1_31' title='bbox 153 431 230 470; x_wconf 86' lang='lat' dir='ltr'><strong>hac</strong></span> <span class='ocrx_word' id='word_1_32' title='bbox 249 434 409 471; x_wconf 88' lang='lat' dir='ltr'><strong>ratione</strong></span> <span class='ocrx_word' id='word_1_33' title='bbox 431 432 552 470; x_wconf 89' lang='lat' dir='ltr'><strong>Fides</strong></span> <span class='ocrx_word' id='word_1_34' title='bbox 572 434 782 483; x_wconf 87' lang='lat' dir='ltr'><strong>sapienter</strong></span> <span class='ocrx_word' id='word_1_35' title='bbox 801 434 963 477; x_wconf 89' lang='lat' dir='ltr'><strong>conicit,</strong></span> <span class='ocrx_word' id='word_1_36' title='bbox 982 434 1108 470; x_wconf 91' lang='lat' dir='ltr'><strong>immo</strong></span> <span class='ocrx_word' id='word_1_37' title='bbox 1299 433 1374 472; x_wconf 84' lang='lat'><strong>120</strong></span> 
     </span>
    </p>

    <p class='ocr_par' dir='ltr' id='par_1_7' title="bbox 153 486 1374 538">
     <span class='ocr_line' id='line_1_7' title="bbox 153 486 1374 538; baseline 0.001 -15"><span class='ocrx_word' id='word_1_38' title='bbox 153 500 235 524; x_wconf 90' lang='lat' dir='ltr'><strong>non</strong></span> <span class='ocrx_word' id='word_1_39' title='bbox 243 486 411 526; x_wconf 83' lang='lat' dir='ltr'><strong>dubitat</strong></span> <span class='ocrx_word' id='word_1_40' title='bbox 422 500 566 524; x_wconf 89' lang='lat' dir='ltr'><strong>verum</strong></span> <span class='ocrx_word' id='word_1_41' title='bbox 574 500 664 524; x_wconf 88' lang='lat' dir='ltr'><strong>esse</strong></span> <span class='ocrx_word' id='word_1_42' title='bbox 678 487 831 532; x_wconf 88' lang='lat' dir='ltr'><strong>Deum,</strong></span> <span class='ocrx_word' id='word_1_43' title='bbox 841 488 912 538; x_wconf 93' lang='lat' dir='ltr'><strong>qui</strong></span> <span class='ocrx_word' id='word_1_44' title='bbox 925 486 1036 538; x_wconf 93' lang='lat' dir='ltr'><strong>quod</strong></span> <span class='ocrx_word' id='word_1_45' title='bbox 1052 500 1192 524; x_wconf 89' lang='lat' dir='ltr'><strong>sumus</strong></span> <span class='ocrx_word' id='word_1_46' title='bbox 1206 491 1250 525; x_wconf 80' lang='lat' dir='ltr'><strong>et</strong></span> <span class='ocrx_word' id='word_1_47' title='bbox 1262 486 1374 538; x_wconf 91' lang='lat' dir='ltr'><strong>quod</strong></span> 
     </span>
    </p>

    <p class='ocr_par' dir='ltr' id='par_1_8' title="bbox 153 540 1167 592">
     <span class='ocr_line' id='line_1_8' title="bbox 153 540 1167 592; baseline 0.001 -14"><span class='ocrx_word' id='word_1_48' title='bbox 153 543 324 580; x_wconf 90' lang='lat' dir='ltr'><strong>vivimus</strong></span> <span class='ocrx_word' id='word_1_49' title='bbox 344 541 546 579; x_wconf 86' lang='lat' dir='ltr'><strong>inlaesum</strong></span> <span class='ocrx_word' id='word_1_50' title='bbox 565 554 729 592; x_wconf 89' lang='lat' dir='ltr'><strong>semper</strong></span> <span class='ocrx_word' id='word_1_51' title='bbox 748 540 849 587; x_wconf 90' lang='lat' dir='ltr'><strong>fore,</strong></span> <span class='ocrx_word' id='word_1_52' title='bbox 869 543 902 579; x_wconf 89' lang='lat' dir='ltr'><strong>si</strong></span> <span class='ocrx_word' id='word_1_53' title='bbox 921 553 1167 587; x_wconf 85' lang='lat' dir='ltr'><strong>mereamur,</strong></span> 
     </span>
    </p>

    <p class='ocr_par' dir='ltr' id='par_1_9' title="bbox 152 594 1270 647">
     <span class='ocr_line' id='line_1_9' title="bbox 152 594 1270 647; baseline -0.001 -13"><span class='ocrx_word' id='word_1_54' title='bbox 152 609 225 633; x_wconf 86' lang='lat' dir='ltr'><strong>nos</strong></span> <span class='ocrx_word' id='word_1_55' title='bbox 245 609 410 647; x_wconf 89' lang='lat' dir='ltr'><strong>sperare</strong></span> <span class='ocrx_word' id='word_1_56' title='bbox 430 597 559 634; x_wconf 85' lang='lat' dir='ltr'><strong>iubet.</strong></span> <span class='ocrx_word' id='word_1_57' title='bbox 616 595 639 609; x_wconf 92' lang='lat'><strong>“</strong></span> <span class='ocrx_word' id='word_1_58' title='bbox 655 596 850 634; x_wconf 86' lang='lat' dir='ltr'><strong>caelestia</strong></span> <span class='ocrx_word' id='word_1_59' title='bbox 869 598 902 633; x_wconf 91' lang='lat' dir='ltr'><strong>si</strong></span> <span class='ocrx_word' id='word_1_60' title='bbox 920 594 1100 646; x_wconf 86' lang='lat' dir='ltr'><strong>placet,’&#39;</strong></span> <span class='ocrx_word' id='word_1_61' title='bbox 1119 598 1270 647; x_wconf 88' lang='lat' dir='ltr'><strong>inquit,</strong></span> 
     </span>
    </p>

    <p class='ocr_par' dir='ltr' id='par_1_10' title="bbox 152 650 1136 703">
     <span class='ocr_line' id='line_1_10' title="bbox 152 650 1136 703; baseline 0 -15"><span class='ocrx_word' id='word_1_62' title='bbox 152 650 175 663; x_wconf 81' lang='lat'><strong>‘⁶</strong></span> <span class='ocrx_word' id='word_1_63' title='bbox 195 651 407 696; x_wconf 86' lang='lat' dir='ltr'><strong>scandere,</strong></span> <span class='ocrx_word' id='word_1_64' title='bbox 426 652 612 689; x_wconf 87' lang='lat' dir='ltr'><strong>terrenas</strong></span> <span class='ocrx_word' id='word_1_65' title='bbox 633 653 769 688; x_wconf 90' lang='lat' dir='ltr'><strong>animo</strong></span> <span class='ocrx_word' id='word_1_66' title='bbox 789 650 987 702; x_wconf 89' lang='lat' dir='ltr'><strong>depellite</strong></span> <span class='ocrx_word' id='word_1_67' title='bbox 1006 662 1136 703; x_wconf 84' lang='lat' dir='ltr'><strong>curas.</strong></span> 
     </span>
    </p>

    <p class='ocr_par' dir='ltr' id='par_1_11' title="bbox 150 703 1371 756">
     <span class='ocr_line' id='line_1_11' title="bbox 150 703 1371 756; baseline 0.003 -14"><span class='ocrx_word' id='word_1_68' title='bbox 150 719 247 743; x_wconf 89' lang='lat' dir='ltr'><strong>nam</strong></span> <span class='ocrx_word' id='word_1_69' title='bbox 267 711 470 756; x_wconf 85' lang='lat' dir='ltr'><strong>quantum</strong></span> <span class='ocrx_word' id='word_1_70' title='bbox 490 706 676 744; x_wconf 89' lang='lat' dir='ltr'><strong>subiecta</strong></span> <span class='ocrx_word' id='word_1_71' title='bbox 695 708 777 743; x_wconf 91' lang='lat' dir='ltr'><strong>situ</strong></span> <span class='ocrx_word' id='word_1_72' title='bbox 796 705 920 743; x_wconf 92' lang='lat' dir='ltr'><strong>tellus</strong></span> <span class='ocrx_word' id='word_1_73' title='bbox 939 707 1048 743; x_wconf 85' lang='lat' dir='ltr'><strong>iacet</strong></span> <span class='ocrx_word' id='word_1_74' title='bbox 1066 703 1173 743; x_wconf 87' lang='lat' dir='ltr'><strong>infra</strong></span> <span class='ocrx_word' id='word_1_75' title='bbox 1221 724 1223 727; x_wconf 95' lang='lat'>·</span> <span class='ocrx_word' id='word_1_76' title='bbox 1297 706 1371 746; x_wconf 85' lang='lat'><strong>125</strong></span> 
     </span>
    </p>

    <p class='ocr_par' dir='ltr' id='par_1_12' title="bbox 150 758 1108 811">
     <span class='ocr_line' id='line_1_12' title="bbox 150 758 1108 811; baseline -0.001 -13"><span class='ocrx_word' id='word_1_77' title='bbox 150 759 430 811; x_wconf 91' lang='lat' dir='ltr'><strong>dividiturque</strong></span> <span class='ocrx_word' id='word_1_78' title='bbox 451 761 503 798; x_wconf 89' lang='lat' dir='ltr'><strong>ab</strong></span> <span class='ocrx_word' id='word_1_79' title='bbox 522 760 648 798; x_wconf 91' lang='lat' dir='ltr'><strong>humo</strong></span> <span class='ocrx_word' id='word_1_80' title='bbox 667 762 839 798; x_wconf 85' lang='lat' dir='ltr'><strong>convexi</strong></span> <span class='ocrx_word' id='word_1_81' title='bbox 857 762 972 811; x_wconf 88' lang='lat' dir='ltr'><strong>regia</strong></span> <span class='ocrx_word' id='word_1_82' title='bbox 991 758 1108 805; x_wconf 91' lang='lat' dir='ltr'><strong>caeli,</strong></span> 
     </span>
    </p>

    <p class='ocr_par' dir='ltr' id='par_1_13' title="bbox 150 813 1183 860">
     <span class='ocr_line' id='line_1_13' title="bbox 150 813 1183 860; baseline -0.001 -7"><span class='ocrx_word' id='word_1_83' title='bbox 150 820 316 853; x_wconf 77' lang='lat' dir='ltr'><strong>tantum</strong></span> <span class='ocrx_word' id='word_1_84' title='bbox 335 820 473 853; x_wconf 88' lang='lat' dir='ltr'><strong>vestra</strong></span> <span class='ocrx_word' id='word_1_85' title='bbox 492 817 594 853; x_wconf 90' lang='lat' dir='ltr'><strong>meis</strong></span> <span class='ocrx_word' id='word_1_86' title='bbox 614 815 772 853; x_wconf 86' lang='lat' dir='ltr'><strong>distant</strong></span> <span class='ocrx_word' id='word_1_87' title='bbox 791 814 1001 852; x_wconf 85' lang='lat' dir='ltr'><strong>mundana</strong></span> <span class='ocrx_word' id='word_1_88' title='bbox 1020 813 1183 860; x_wconf 86' lang='lat' dir='ltr'><strong>futuris,</strong></span> 
     </span>
    </p>

    <p class='ocr_par' dir='ltr' id='par_1_14' title="bbox 149 869 1146 921">
     <span class='ocr_line' id='line_1_14' title="bbox 149 869 1146 921; baseline 0 -15"><span class='ocrx_word' id='word_1_89' title='bbox 149 869 238 907; x_wconf 85' lang='lat' dir='ltr'><strong>dira</strong></span> <span class='ocrx_word' id='word_1_90' title='bbox 256 870 388 915; x_wconf 89' lang='lat' dir='ltr'><strong>bonis,</strong></span> <span class='ocrx_word' id='word_1_91' title='bbox 409 869 610 908; x_wconf 86' lang='lat' dir='ltr'><strong>scelerata</strong></span> <span class='ocrx_word' id='word_1_92' title='bbox 628 872 720 921; x_wconf 84' lang='lat' dir='ltr'><strong>piis,</strong></span> <span class='ocrx_word' id='word_1_93' title='bbox 739 870 961 907; x_wconf 84' lang='lat' dir='ltr'><strong>tenebrosa</strong></span> <span class='ocrx_word' id='word_1_94' title='bbox 979 871 1146 907; x_wconf 90' lang='lat' dir='ltr'><strong>serenis.</strong></span> 
     </span>
    </p>

    <p class='ocr_par' dir='ltr' id='par_1_15' title="bbox 149 923 1236 976">
     <span class='ocr_line' id='line_1_15' title="bbox 149 923 1236 976; baseline -0.001 -14"><span class='ocrx_word' id='word_1_95' title='bbox 149 924 350 976; x_wconf 89' lang='lat' dir='ltr'><strong>quidquid</strong></span> <span class='ocrx_word' id='word_1_96' title='bbox 369 925 483 962; x_wconf 89' lang='lat' dir='ltr'><strong>obire</strong></span> <span class='ocrx_word' id='word_1_97' title='bbox 502 930 643 975; x_wconf 88' lang='lat' dir='ltr'><strong>potest</strong></span> <span class='ocrx_word' id='word_1_98' title='bbox 663 923 831 976; x_wconf 87' lang='lat' dir='ltr'><strong>fugiatis</strong></span> <span class='ocrx_word' id='word_1_99' title='bbox 851 937 1013 969; x_wconf 87' lang='lat' dir='ltr'><strong>censeo,</strong></span> <span class='ocrx_word' id='word_1_100' title='bbox 1033 923 1236 974; x_wconf 91' lang='lat' dir='ltr'><strong>quidquid</strong></span> 
     </span>
    </p>

    <p class='ocr_par' dir='ltr' id='par_1_16' title="bbox 148 979 1370 1030">
     <span class='ocr_line' id='line_1_16' title="bbox 148 979 1370 1030; baseline 0.001 -13"><span class='ocrx_word' id='word_1_101' title='bbox 148 985 323 1017; x_wconf 87' lang='lat' dir='ltr'><strong>naturae</strong></span> <span class='ocrx_word' id='word_1_102' title='bbox 343 982 503 1017; x_wconf 88' lang='lat' dir='ltr'><strong>ratione</strong></span> <span class='ocrx_word' id='word_1_103' title='bbox 523 981 634 1030; x_wconf 89' lang='lat' dir='ltr'><strong>capit</strong></span> <span class='ocrx_word' id='word_1_104' title='bbox 654 981 800 1016; x_wconf 85' lang='lat' dir='ltr'><strong>vitium</strong></span> <span class='ocrx_word' id='word_1_105' title='bbox 820 984 947 1029; x_wconf 84' lang='lat' dir='ltr'><strong>atque</strong></span> <span class='ocrx_word' id='word_1_106' title='bbox 967 980 1145 1016; x_wconf 87' lang='lat' dir='ltr'><strong>senescit</strong></span> <span class='ocrx_word' id='word_1_107' title='bbox 1295 979 1370 1018; x_wconf 84' lang='lat'><strong>130</strong></span> 
     </span>
    </p>

    <p class='ocr_par' dir='ltr' id='par_1_17' title="bbox 148 1033 1273 1085">
     <span class='ocr_line' id='line_1_17' title="bbox 148 1033 1273 1085; baseline -0.001 -14"><span class='ocrx_word' id='word_1_108' title='bbox 148 1047 222 1084; x_wconf 93' lang='lat' dir='ltr'><strong>pro</strong></span> <span class='ocrx_word' id='word_1_109' title='bbox 242 1034 382 1079; x_wconf 87' lang='lat' dir='ltr'><strong>nihilo,</strong></span> <span class='ocrx_word' id='word_1_110' title='bbox 401 1036 444 1071; x_wconf 89' lang='lat' dir='ltr'><strong>in</strong></span> <span class='ocrx_word' id='word_1_111' title='bbox 462 1033 635 1071; x_wconf 88' lang='lat' dir='ltr'><strong>nihilum</strong></span> <span class='ocrx_word' id='word_1_112' title='bbox 655 1036 752 1085; x_wconf 92' lang='lat' dir='ltr'><strong>quia</strong></span> <span class='ocrx_word' id='word_1_113' title='bbox 771 1039 868 1071; x_wconf 88' lang='lat' dir='ltr'><strong>sunt</strong></span> <span class='ocrx_word' id='word_1_114' title='bbox 886 1033 1084 1078; x_wconf 86' lang='lat' dir='ltr'><strong>reditura,</strong></span> <span class='ocrx_word' id='word_1_115' title='bbox 1102 1034 1273 1084; x_wconf 81' lang='lat' dir='ltr'><strong>putetis.</strong></span> 
     </span>
    </p>

    <p class='ocr_par' dir='ltr' id='par_1_18' title="bbox 148 1087 1370 1194">
     <span class='ocr_line' id='line_1_18' title="bbox 148 1087 1370 1140; baseline 0 -14"><span class='ocrx_word' id='word_1_116' title='bbox 148 1093 299 1127; x_wconf 89' lang='lat' dir='ltr'><strong>cuncta</strong></span> <span class='ocrx_word' id='word_1_117' title='bbox 326 1089 520 1140; x_wconf 89' lang='lat' dir='ltr'><strong>equidem</strong></span> <span class='ocrx_word' id='word_1_118' title='bbox 548 1101 654 1140; x_wconf 89' lang='lat' dir='ltr'><strong>quae</strong></span> <span class='ocrx_word' id='word_1_119' title='bbox 682 1090 818 1140; x_wconf 88' lang='lat' dir='ltr'><strong>gignit</strong></span> <span class='ocrx_word' id='word_1_120' title='bbox 843 1087 1006 1133; x_wconf 89' lang='lat' dir='ltr'><strong>humus,</strong></span> <span class='ocrx_word' id='word_1_121' title='bbox 1035 1100 1142 1139; x_wconf 87' lang='lat' dir='ltr'><strong>quae</strong></span> <span class='ocrx_word' id='word_1_122' title='bbox 1168 1089 1370 1133; x_wconf 84' lang='lat' dir='ltr'><strong>continet,</strong></span> 
     </span>
     <span class='ocr_line' id='line_1_19' title="bbox 252 1156 341 1194; baseline 0 -13"><span class='ocrx_word' id='word_1_123' title='bbox 252 1156 341 1194; x_wconf 90' lang='lat' dir='ltr'><strong>1pse</strong></span> 
     </span>
    </p>

    <p class='ocr_par' dir='ltr' id='par_1_19' title="bbox 147 1195 1130 1249">
     <span class='ocr_line' id='line_1_20' title="bbox 147 1195 1130 1249; baseline -0.002 -13"><span class='ocrx_word' id='word_1_124' title='bbox 147 1200 347 1249; x_wconf 89' lang='lat' dir='ltr'><strong>principio</strong></span> <span class='ocrx_word' id='word_1_125' title='bbox 366 1200 528 1236; x_wconf 86' lang='lat' dir='ltr'><strong>institui</strong></span> <span class='ocrx_word' id='word_1_126' title='bbox 547 1197 762 1249; x_wconf 88' lang='lat' dir='ltr'><strong>nitidoque</strong></span> <span class='ocrx_word' id='word_1_127' title='bbox 780 1199 956 1248; x_wconf 87' lang='lat' dir='ltr'><strong>insignia</strong></span> <span class='ocrx_word' id='word_1_128' title='bbox 975 1195 1130 1235; x_wconf 88' lang='lat' dir='ltr'><strong>mundo</strong></span> 
     </span>
    </p>

    <p class='ocr_par' dir='ltr' id='par_1_20' title="bbox 148 1251 1104 1304">
     <span class='ocr_line' id='line_1_21' title="bbox 148 1251 1104 1304; baseline -0.002 -14"><span class='ocrx_word' id='word_1_129' title='bbox 148 1258 394 1291; x_wconf 88' lang='lat' dir='ltr'><strong>ornamenta</strong></span> <span class='ocrx_word' id='word_1_130' title='bbox 413 1253 510 1291; x_wconf 89' lang='lat' dir='ltr'><strong>dedi</strong></span> <span class='ocrx_word' id='word_1_131' title='bbox 528 1255 795 1304; x_wconf 88' lang='lat' dir='ltr'><strong>speciosaque</strong></span> <span class='ocrx_word' id='word_1_132' title='bbox 816 1254 973 1290; x_wconf 84' lang='lat' dir='ltr'><strong>semina</strong></span> <span class='ocrx_word' id='word_1_133' title='bbox 993 1251 1104 1289; x_wconf 86' lang='lat' dir='ltr'><strong>finxi.</strong></span> 
     </span>
    </p>

    <p class='ocr_par' dir='ltr' id='par_1_21' title="bbox 148 1305 1368 1358">
     <span class='ocr_line' id='line_1_22' title="bbox 148 1305 1368 1358; baseline 0.001 -13"><span class='ocrx_word' id='word_1_134' title='bbox 148 1307 222 1346; x_wconf 91' lang='lat' dir='ltr'><strong>sed</strong></span> <span class='ocrx_word' id='word_1_135' title='bbox 240 1312 384 1346; x_wconf 85' lang='lat' dir='ltr'><strong>tamen</strong></span> <span class='ocrx_word' id='word_1_136' title='bbox 405 1320 494 1346; x_wconf 88' lang='lat' dir='ltr'><strong>esse</strong></span> <span class='ocrx_word' id='word_1_137' title='bbox 513 1307 683 1346; x_wconf 91' lang='lat' dir='ltr'><strong>modum</strong></span> <span class='ocrx_word' id='word_1_138' title='bbox 701 1306 810 1345; x_wconf 92' lang='lat' dir='ltr'><strong>volui</strong></span> <span class='ocrx_word' id='word_1_139' title='bbox 829 1308 1044 1358; x_wconf 86' lang='lat' dir='ltr'><strong>parcisque</strong></span> <span class='ocrx_word' id='word_1_140' title='bbox 1064 1305 1239 1344; x_wconf 86' lang='lat' dir='ltr'><strong>fruenda</strong></span> <span class='ocrx_word' id='word_1_141' title='bbox 1293 1307 1368 1346; x_wconf 85' lang='lat'><strong>135</strong></span> 
     </span>
    </p>

    <p class='ocr_par' dir='ltr' id='par_1_22' title="bbox 147 1361 1230 1413">
     <span class='ocr_line' id='line_1_23' title="bbox 147 1361 1230 1413; baseline -0.002 -13"><span class='ocrx_word' id='word_1_142' title='bbox 147 1362 328 1400; x_wconf 90' lang='lat' dir='ltr'><strong>moribus</strong></span> <span class='ocrx_word' id='word_1_143' title='bbox 347 1362 512 1408; x_wconf 90' lang='lat' dir='ltr'><strong>indulsi,</strong></span> <span class='ocrx_word' id='word_1_144' title='bbox 532 1367 735 1413; x_wconf 88' lang='lat' dir='ltr'><strong>quantum</strong></span> <span class='ocrx_word' id='word_1_145' title='bbox 754 1361 1020 1399; x_wconf 88' lang='lat' dir='ltr'><strong>moribundus</strong></span> <span class='ocrx_word' id='word_1_146' title='bbox 1041 1366 1085 1399; x_wconf 91' lang='lat' dir='ltr'><strong>et</strong></span> <span class='ocrx_word' id='word_1_147' title='bbox 1104 1373 1230 1412; x_wconf 89' lang='lat' dir='ltr'><strong>aeger</strong></span> 
     </span>
    </p>

    <p class='ocr_par' dir='ltr' id='par_1_23' title="bbox 148 1416 1156 1468">
     <span class='ocr_line' id='line_1_24' title="bbox 148 1416 1156 1468; baseline -0.002 -13"><span class='ocrx_word' id='word_1_148' title='bbox 148 1419 325 1468; x_wconf 91' lang='lat' dir='ltr'><strong>eorporis</strong></span> <span class='ocrx_word' id='word_1_149' title='bbox 346 1431 392 1455; x_wconf 86' lang='lat' dir='ltr'><strong>ac</strong></span> <span class='ocrx_word' id='word_1_150' title='bbox 412 1419 523 1455; x_wconf 83' lang='lat' dir='ltr'><strong>vitae</strong></span> <span class='ocrx_word' id='word_1_151' title='bbox 542 1416 714 1455; x_wconf 91' lang='lat' dir='ltr'><strong>volucris</strong></span> <span class='ocrx_word' id='word_1_152' title='bbox 734 1417 811 1454; x_wconf 89' lang='lat' dir='ltr'><strong>sibi</strong></span> <span class='ocrx_word' id='word_1_153' title='bbox 829 1421 1019 1467; x_wconf 88' lang='lat' dir='ltr'><strong>posceret</strong></span> <span class='ocrx_word' id='word_1_154' title='bbox 1037 1427 1156 1460; x_wconf 88' lang='lat' dir='ltr'><strong>usus;</strong></span> 
     </span>
    </p>

    <p class='ocr_par' dir='ltr' id='par_1_24' title="bbox 147 1469 1196 1523">
     <span class='ocr_line' id='line_1_25' title="bbox 147 1469 1196 1523; baseline -0.003 -13"><span class='ocrx_word' id='word_1_155' title='bbox 147 1485 230 1510; x_wconf 91' lang='lat' dir='ltr'><strong>non</strong></span> <span class='ocrx_word' id='word_1_156' title='bbox 250 1477 298 1510; x_wconf 92' lang='lat' dir='ltr'><strong>ut</strong></span> <span class='ocrx_word' id='word_1_157' title='bbox 316 1478 461 1523; x_wconf 85' lang='lat' dir='ltr'><strong>captus</strong></span> <span class='ocrx_word' id='word_1_158' title='bbox 480 1471 603 1510; x_wconf 91' lang='lat' dir='ltr'><strong>homo</strong></span> <span class='ocrx_word' id='word_1_159' title='bbox 623 1471 769 1510; x_wconf 88' lang='lat' dir='ltr'><strong>studiis</strong></span> <span class='ocrx_word' id='word_1_160' title='bbox 790 1477 834 1509; x_wconf 91' lang='lat' dir='ltr'><strong>et</strong></span> <span class='ocrx_word' id='word_1_161' title='bbox 852 1473 1030 1508; x_wconf 89' lang='lat' dir='ltr'><strong>inaniter</strong></span> <span class='ocrx_word' id='word_1_162' title='bbox 1050 1469 1196 1508; x_wconf 88' lang='lat' dir='ltr'><strong>ardens</strong></span> 
     </span>
    </p>

    <p class='ocr_par' dir='ltr' id='par_1_25' title="bbox 147 1524 1290 1577">
     <span class='ocr_line' id='line_1_26' title="bbox 147 1524 1290 1577; baseline -0.002 -13"><span class='ocrx_word' id='word_1_163' title='bbox 147 1526 320 1564; x_wconf 93' lang='lat' dir='ltr'><strong>duceret</strong></span> <span class='ocrx_word' id='word_1_164' title='bbox 339 1539 461 1564; x_wconf 90' lang='lat' dir='ltr'><strong>omne</strong></span> <span class='ocrx_word' id='word_1_165' title='bbox 480 1527 635 1564; x_wconf 90' lang='lat' dir='ltr'><strong>bonum</strong></span> <span class='ocrx_word' id='word_1_166' title='bbox 654 1528 835 1577; x_wconf 89' lang='lat' dir='ltr'><strong>positum</strong></span> <span class='ocrx_word' id='word_1_167' title='bbox 853 1527 896 1563; x_wconf 91' lang='lat' dir='ltr'><strong>in</strong></span> <span class='ocrx_word' id='word_1_168' title='bbox 915 1524 1133 1563; x_wconf 89' lang='lat' dir='ltr'><strong>dulcedine</strong></span> <span class='ocrx_word' id='word_1_169' title='bbox 1152 1537 1290 1562; x_wconf 91' lang='lat' dir='ltr'><strong>rerum</strong></span> 
     </span>
    </p>

    <p class='ocr_par' dir='ltr' id='par_1_26' title="bbox 148 1579 1368 1632">
     <span class='ocr_line' id='line_1_27' title="bbox 148 1579 1368 1632; baseline 0 -14"><span class='ocrx_word' id='word_1_170' title='bbox 148 1586 192 1619; x_wconf 89' lang='lat' dir='ltr'><strong>et</strong></span> <span class='ocrx_word' id='word_1_171' title='bbox 211 1583 348 1632; x_wconf 91' lang='lat' dir='ltr'><strong>specie</strong></span> <span class='ocrx_word' id='word_1_172' title='bbox 367 1583 485 1620; x_wconf 86' lang='lat' dir='ltr'><strong>tenui</strong></span> <span class='ocrx_word' id='word_1_173' title='bbox 505 1594 605 1632; x_wconf 89' lang='lat' dir='ltr'><strong>quas</strong></span> <span class='ocrx_word' id='word_1_174' title='bbox 625 1593 788 1618; x_wconf 88' lang='lat' dir='ltr'><strong>currere</strong></span> <span class='ocrx_word' id='word_1_175' title='bbox 808 1586 996 1631; x_wconf 91' lang='lat' dir='ltr'><strong>tempore</strong></span> <span class='ocrx_word' id='word_1_176' title='bbox 1015 1581 1135 1624; x_wconf 90' lang='lat' dir='ltr'><strong>iussi;</strong></span> <span class='ocrx_word' id='word_1_177' title='bbox 1292 1579 1368 1619; x_wconf 89' lang='lat'><strong>140</strong></span> 
     </span>
    </p>

    <p class='ocr_par' dir='ltr' id='par_1_27' title="bbox 148 1634 1259 1686">
     <span class='ocr_line' id='line_1_28' title="bbox 148 1634 1259 1686; baseline -0.002 -13"><span class='ocrx_word' id='word_1_178' title='bbox 148 1641 275 1686; x_wconf 85' lang='lat' dir='ltr'><strong>atque</strong></span> <span class='ocrx_word' id='word_1_179' title='bbox 296 1649 444 1674; x_wconf 92' lang='lat' dir='ltr'><strong>aevum</strong></span> <span class='ocrx_word' id='word_1_180' title='bbox 464 1638 607 1681; x_wconf 86' lang='lat' dir='ltr'><strong>statui,</strong></span> <span class='ocrx_word' id='word_1_181' title='bbox 627 1636 702 1673; x_wconf 91' lang='lat' dir='ltr'><strong>sub</strong></span> <span class='ocrx_word' id='word_1_182' title='bbox 722 1648 804 1686; x_wconf 92' lang='lat' dir='ltr'><strong>quo</strong></span> <span class='ocrx_word' id='word_1_183' title='bbox 822 1647 1024 1686; x_wconf 86' lang='lat' dir='ltr'><strong>generosa</strong></span> <span class='ocrx_word' id='word_1_184' title='bbox 1042 1634 1259 1685; x_wconf 87' lang='lat' dir='ltr'><strong>probarem</strong></span> 
     </span>
    </p>

    <p class='ocr_par' dir='ltr' id='par_1_28' title="bbox 147 1691 1106 1741">
     <span class='ocr_line' id='line_1_29' title="bbox 147 1691 1106 1741; baseline -0.002 -13"><span class='ocrx_word' id='word_1_185' title='bbox 147 1696 330 1741; x_wconf 88' lang='lat' dir='ltr'><strong>pectora,</strong></span> <span class='ocrx_word' id='word_1_186' title='bbox 350 1703 403 1728; x_wconf 90' lang='lat' dir='ltr'><strong>ne</strong></span> <span class='ocrx_word' id='word_1_187' title='bbox 422 1696 591 1741; x_wconf 91' lang='lat' dir='ltr'><strong>torpens</strong></span> <span class='ocrx_word' id='word_1_188' title='bbox 612 1695 656 1728; x_wconf 86' lang='lat' dir='ltr'><strong>et</strong></span> <span class='ocrx_word' id='word_1_189' title='bbox 675 1704 757 1728; x_wconf 91' lang='lat' dir='ltr'><strong>non</strong></span> <span class='ocrx_word' id='word_1_190' title='bbox 778 1691 960 1727; x_wconf 86' lang='lat' dir='ltr'><strong>exercita</strong></span> <span class='ocrx_word' id='word_1_191' title='bbox 979 1691 1106 1726; x_wconf 83' lang='lat' dir='ltr'><strong>virtus</strong></span> 
     </span>
    </p>

    <p class='ocr_par' dir='ltr' id='par_1_29' title="bbox 146 1742 1250 1797">
     <span class='ocr_line' id='line_1_30' title="bbox 146 1742 1250 1797; baseline -0.003 -14"><span class='ocrx_word' id='word_1_192' title='bbox 146 1745 271 1782; x_wconf 93' lang='lat' dir='ltr'><strong>robur</strong></span> <span class='ocrx_word' id='word_1_193' title='bbox 290 1750 534 1783; x_wconf 84' lang='lat' dir='ltr'><strong>enervatum</strong></span> <span class='ocrx_word' id='word_1_194' title='bbox 552 1750 719 1797; x_wconf 89' lang='lat' dir='ltr'><strong>gereret</strong></span> <span class='ocrx_word' id='word_1_195' title='bbox 738 1746 825 1782; x_wconf 90' lang='lat' dir='ltr'><strong>sine</strong></span> <span class='ocrx_word' id='word_1_196' title='bbox 844 1743 966 1782; x_wconf 89' lang='lat' dir='ltr'><strong>laude</strong></span> <span class='ocrx_word' id='word_1_197' title='bbox 985 1742 1250 1795; x_wconf 83' lang='lat' dir='ltr'><strong>palaestrae.1</strong></span> 
     </span>
    </p>
   </div>
   <div class='ocr_carea' id='block_1_3' title="bbox 195 1822 1244 1868">
    <p class='ocr_par' dir='ltr' id='par_1_30' title="bbox 195 1822 1244 1868">
     <span class='ocr_line' id='line_1_31' title="bbox 195 1822 1244 1868; baseline -0.002 -10"><span class='ocrx_word' id='word_1_198' title='bbox 195 1826 207 1846; x_wconf 82' lang='lat'>¹</span> <span class='ocrx_word' id='word_1_199' title='bbox 230 1826 253 1858; x_wconf 90' lang='grc' dir='ltr'><em>Ι</em></span> <span class='ocrx_word' id='word_1_200' title='bbox 254 1837 277 1858; x_wconf 81' lang='lat' dir='ltr'><strong>n</strong></span> <span class='ocrx_word' id='word_1_201' title='bbox 289 1825 387 1868; x_wconf 81' lang='lat' dir='ltr'><strong>place</strong></span> <span class='ocrx_word' id='word_1_202' title='bbox 402 1825 440 1868; x_wconf 86' lang='lat' dir='ltr'><strong>of</strong></span> <span class='ocrx_word' id='word_1_203' title='bbox 454 1827 516 1859; x_wconf 85' lang='lat'><strong>143</strong></span> <span class='ocrx_word' id='word_1_204' title='bbox 533 1829 594 1859; x_wconf 86' lang='lat' dir='ltr'><strong>two</strong></span> <span class='ocrx_word' id='word_1_205' title='bbox 609 1825 648 1868; x_wconf 86' lang='lat' dir='ltr'><strong>of</strong></span> <span class='ocrx_word' id='word_1_206' title='bbox 659 1825 860 1868; x_wconf 67' lang='lat' dir='ltr'><strong>Berqman’e</strong></span> <span class='ocrx_word' id='word_1_207' title='bbox 875 1824 974 1858; x_wconf 67' lang='lat' dir='ltr'><strong>elasa</strong></span> <span class='ocrx_word' id='word_1_208' title='bbox 988 1825 1020 1857; x_wconf 92' lang='lat' dir='ltr'><em>B</em></span> <span class='ocrx_word' id='word_1_209' title='bbox 1036 1823 1144 1857; x_wconf 75' lang='lat' dir='ltr'><strong><em>MSS.</em></strong></span> <span class='ocrx_word' id='word_1_210' title='bbox 1161 1822 1244 1857; x_wconf 77' lang='lat' dir='ltr'><strong>have</strong></span> 
     </span>
    </p>
   </div>
   <div class='ocr_carea' id='block_1_4' title="bbox 281 1884 1092 1973">
    <p class='ocr_par' dir='ltr' id='par_1_31' title="bbox 281 1884 1092 1973">
     <span class='ocr_line' id='line_1_32' title="bbox 281 1884 1045 1928; baseline -0.003 -9"><span class='ocrx_word' id='word_1_211' title='bbox 281 1897 447 1919; x_wconf 83' lang='lat' dir='ltr'><strong>enervare</strong></span> <span class='ocrx_word' id='word_1_212' title='bbox 464 1897 568 1919; x_wconf 81' lang='lat' dir='ltr'><strong>suum</strong></span> <span class='ocrx_word' id='word_1_213' title='bbox 586 1890 752 1928; x_wconf 77' lang='lat' dir='ltr'><strong>corrupta</strong></span> <span class='ocrx_word' id='word_1_214' title='bbox 769 1897 831 1928; x_wconf 85' lang='lat' dir='ltr'><strong>per</strong></span> <span class='ocrx_word' id='word_1_215' title='bbox 847 1885 922 1918; x_wconf 80' lang='lat' dir='ltr'><strong>otia</strong></span> <span class='ocrx_word' id='word_1_216' title='bbox 937 1884 1045 1917; x_wconf 86' lang='lat' dir='ltr'><strong>robur</strong></span> 
     </span>
     <span class='ocr_line' id='line_1_33' title="bbox 281 1929 1092 1973; baseline -0.002 -10"><span class='ocrx_word' id='word_1_217' title='bbox 281 1934 401 1973; x_wconf 82' lang='lat' dir='ltr'><strong>posset</strong></span> <span class='ocrx_word' id='word_1_218' title='bbox 416 1934 453 1963; x_wconf 77' lang='lat' dir='ltr'><strong>et</strong></span> <span class='ocrx_word' id='word_1_219' title='bbox 468 1931 504 1963; x_wconf 86' lang='lat' dir='ltr'><strong>in</strong></span> <span class='ocrx_word' id='word_1_220' title='bbox 520 1930 616 1963; x_wconf 91' lang='lat' dir='ltr'><strong>nullo</strong></span> <span class='ocrx_word' id='word_1_221' title='bbox 631 1930 823 1963; x_wconf 76' lang='lat' dir='ltr'><strong>luctamine</strong></span> <span class='ocrx_word' id='word_1_222' title='bbox 839 1930 938 1972; x_wconf 77' lang='lat' dir='ltr'><strong>pigra</strong></span> <span class='ocrx_word' id='word_1_223' title='bbox 952 1929 1092 1962; x_wconf 78' lang='lat' dir='ltr'><strong>iaceret.</strong></span> 
     </span>
    </p>
   </div>
   <div class='ocr_carea' id='block_1_5' title="bbox 145 1986 1364 2078">
    <p class='ocr_par' dir='ltr' id='par_1_32' title="bbox 145 1986 1364 2078">
     <span class='ocr_line' id='line_1_34' title="bbox 147 1986 1364 2033; baseline -0.003 -10"><span class='ocrx_word' id='word_1_224' title='bbox 147 1989 185 2033; x_wconf 88' lang='lat'><strong>(“</strong></span> <span class='ocrx_word' id='word_1_225' title='bbox 200 1991 314 2033; x_wconf 85' lang='lat' dir='ltr'><strong>might</strong></span> <span class='ocrx_word' id='word_1_226' title='bbox 341 2001 473 2023; x_wconf 84' lang='lat' dir='ltr'><strong>unman</strong></span> <span class='ocrx_word' id='word_1_227' title='bbox 500 1991 547 2024; x_wconf 82' lang='lat' dir='ltr'><strong>its</strong></span> <span class='ocrx_word' id='word_1_228' title='bbox 574 1991 735 2033; x_wconf 78' lang='lat' dir='ltr'><strong>strength</strong></span> <span class='ocrx_word' id='word_1_229' title='bbox 762 1991 798 2023; x_wconf 90' lang='lat' dir='ltr'><strong>in</strong></span> <span class='ocrx_word' id='word_1_230' title='bbox 825 1990 1033 2032; x_wconf 80' lang='lat' dir='ltr'><strong>degenerate</strong></span> <span class='ocrx_word' id='word_1_231' title='bbox 1055 1988 1204 2021; x_wconf 79' lang='lat' dir='ltr'><strong>idloness</strong></span> <span class='ocrx_word' id='word_1_232' title='bbox 1225 1986 1297 2020; x_wconf 76' lang='lat' dir='ltr'><strong>and</strong></span> <span class='ocrx_word' id='word_1_233' title='bbox 1318 1986 1364 2020; x_wconf 79' lang='lat' dir='ltr'><strong>lie</strong></span> 
     </span>
     <span class='ocr_line' id='line_1_35' title="bbox 145 2030 1362 2078; baseline -0.003 -11"><span class='ocrx_word' id='word_1_234' title='bbox 145 2035 310 2073; x_wconf 78' lang='lat' dir='ltr'><strong>inactive,</strong></span> <span class='ocrx_word' id='word_1_235' title='bbox 336 2035 507 2078; x_wconf 83' lang='lat' dir='ltr'><strong>engaging</strong></span> <span class='ocrx_word' id='word_1_236' title='bbox 530 2035 566 2067; x_wconf 87' lang='lat' dir='ltr'><strong>in</strong></span> <span class='ocrx_word' id='word_1_237' title='bbox 590 2046 636 2067; x_wconf 93' lang='lat' dir='ltr'><strong>no</strong></span> <span class='ocrx_word' id='word_1_238' title='bbox 660 2034 866 2077; x_wconf 80' lang='lat' dir='ltr'><strong>struggle.”)</strong></span> <span class='ocrx_word' id='word_1_239' title='bbox 911 2034 959 2066; x_wconf 76' lang='lat' dir='ltr'><strong>In</strong></span> <span class='ocrx_word' id='word_1_240' title='bbox 981 2043 1072 2066; x_wconf 69' lang='lat' dir='ltr'><strong>some</strong></span> <span class='ocrx_word' id='word_1_241' title='bbox 1095 2031 1204 2066; x_wconf 79' lang='lat' dir='ltr'><strong><em>MSS.</em></strong></span> <span class='ocrx_word' id='word_1_242' title='bbox 1229 2031 1268 2075; x_wconf 82' lang='lat' dir='ltr'><strong>of</strong></span> <span class='ocrx_word' id='word_1_243' title='bbox 1285 2030 1362 2064; x_wconf 73' lang='lat' dir='ltr'><strong>bom</strong></span> 
     </span>
    </p>
   </div>
   <div class='ocr_carea' id='block_1_6' title="bbox 149 2090 194 2127">
    <p class='ocr_par' dir='ltr' id='par_1_33' title="bbox 149 2090 194 2127">
     <span class='ocr_line' id='line_1_36' title="bbox 149 2090 194 2127; baseline 0 0"><span class='ocrx_word' id='word_1_244' title='bbox 149 2090 194 2127; x_wconf 93' lang='lat'><strong>16</strong></span> 
     </span>
    </p>
   </div>
  </div>
 </body>
</html>
