1456 2358
611 154 971 196 PRUDENTIUS

342 265 512 299 ventum
532 261 584 298 ad
602 261 851 312 palaestram
870 261 1048 314 gloriae3

288 327 381 366 spes
401 320 535 353 certat
554 321 598 353 et
616 315 851 362 crudelitas,

287 368 497 407 luctamen
516 383 666 421 anceps
686 377 906 410 conserunt

286 423 380 461 hinc
399 429 570 476 martyr,
588 424 700 463 illinc
718 425 912 464 carnifex.

339 484 497 516 serrata
515 478 669 517 lectum
687 479 832 532 regula

286 532 414 574 dente
432 532 685 585 infrequenti
705 540 938 586 exasperat,

285 589 351 625 cui
369 587 502 626 multa
520 588 743 627 carbonum
762 595 895 628 strues

285 643 422 680 vivum
441 648 613 693 vaporat
630 642 817 682 halitum.

336 695 445 734 hunc
463 703 611 748 sponte
630 698 868 737 conscendit
886 712 1031 751 rogum

284 752 344 788 vir
361 757 527 790 sanctus
547 765 616 791 ore
635 754 838 799 interrito,

284 818 359 844 ceu
378 808 460 844 iam
479 819 653 845 coronae
672 810 854 846 conscius

283 859 437 899 celsum
456 861 637 899 tribunal
655 862 884 901 scanderet.

334 915 477 954 subter
495 921 692 967 crepante
712 920 927 969 aspergine

282 970 478 1009 scintillat
496 983 689 1009 excussus
708 971 802 1010 salis

281 1027 526 1076 punctisque
546 1024 708 1064 fervens
727 1026 907 1065 stridulis

280 1081 452 1129 sparsim
470 1093 546 1131 per
563 1085 676 1119 artus
696 1081 847 1133 figitur.

333 1136 472 1171 arvina
490 1134 679 1185 posthinc
697 1137 866 1187 igneum

279 1190 462 1239 inpressa
481 1194 692 1228 cauterem
710 1189 824 1236 lavit,

278 1245 336 1280 vis
356 1243 466 1281 unde
485 1246 585 1282 roris
603 1242 750 1283 fumidi

276 1299 318 1334 in
337 1298 524 1336 membra
542 1301 693 1337 sensim
711 1298 893 1351 liquitur.

328 1351 431 1390 haec
448 1354 558 1391 inter
575 1355 756 1392 inmotus
774 1361 918 1394 manet

275 1411 490 1458 tamquam
509 1406 695 1447 dolorum
714 1411 888 1455 nescius,

275 1460 495 1512 tenditque
513 1463 556 1499 in
575 1461 706 1501 altum
723 1462 893 1509 lumina,

274 1528 370 1553 nam
389 1515 522 1554 vincla
540 1516 696 1567 palmas
715 1524 962 1568 presserant.

325 1569 510 1609 sublatus
529 1570 626 1609 inde
645 1570 789 1611 fortior

272 1624 446 1676 lugubre
465 1627 508 1662 in
527 1631 692 1664 antrum
710 1627 905 1674 truditur,

272 1692 324 1716 ne
343 1678 447 1717 liber
466 1692 561 1718 usus
579 1679 744 1719 luminis

214 1760 225 1766 -.
271 1735 475 1772 animaret
493 1733 624 1773 altum
643 1737 844 1787 spiritum.

158 2132 229 2173 182

323 1793 387 1826 est
405 1790 517 1827 intus
535 1790 618 1827 imo
638 1790 846 1842 ergastulo

269 1841 380 1881 locus
399 1843 582 1882 tenebris
601 1846 767 1896 nigrior,

269 1910 393 1948 quem
413 1910 513 1936 saxa
531 1901 654 1937 mersi
672 1897 836 1938 fornicis

267 1957 445 2003 angusta
463 1951 646 1991 clausum
665 1954 940 2006 strangulant.

318 2011 489 2045 aeterna
508 2021 588 2045 nox
607 2007 690 2045 illic
707 2007 813 2048 latet

266 2073 412 2112 expers
432 2061 566 2101 diurni
586 2062 751 2109 sideris;

1316 376 1392 416 215

1314 649 1390 688 220

1310 922 1386 963 225

1308 1196 1384 1235 230

1305 1469 1380 1510 235

1301 1740 1378 1781 240

1297 2014 1372 2055 245
