1456 2358
592 137 956 179 PRUDENTIUS

165 243 285 282 huius
306 244 359 282 ad
379 249 628 290 extremum,
648 247 836 296 sequitur
855 258 938 296 qua
955 245 1127 297 pulvere
1146 260 1308 286 summo

218 310 487 361 cornipedum
506 310 673 363 refugas
693 311 830 349 orbita
848 313 949 350 trita
967 314 1067 358 vias,

166 389 284 413 crura
302 378 376 413 viri
396 378 572 414 innectit
591 376 764 427 laqueus
783 376 976 428 nodoque
995 380 1134 416 tenaci

218 441 440 493 adstringit
458 442 623 493 plantas
643 455 820 494 cumque
839 442 1018 481 rudente
1037 443 1154 496 ligat.

165 512 387 558 postquam
407 510 620 559 conposito
639 510 738 546 satis
758 510 992 547 instruxere
1010 515 1161 560 paratu
1310 512 1384 552 105

217 576 409 625 martyris
430 573 483 611 ad
500 587 680 625 poenam
699 574 886 620 verbera,
905 574 1053 620 vincla,
1072 573 1196 621 feras,

164 641 367 690 instigant
386 639 531 677 subitis
551 639 796 677 clamoribus
817 645 944 691 atque
963 638 1152 692 flagellis,

215 704 369 756 iliaque
388 704 549 743 infestis
567 704 809 756 perfodiunt
828 705 1017 743 stimulis.

164 770 312 808 ultima
331 784 408 809 vox
430 770 574 809 audita
593 773 701 809 senis
720 771 967 809 venerabilis
986 771 1089 810 haec
1109 777 1196 810 est:

217 835 240 848 “
260 835 302 874 hi
320 839 485 888 rapiant
505 842 633 883 artus,
652 842 700 875 tu
718 849 833 888 rape,
853 835 1031 883 Christe,
1052 836 1274 876 animam.”
1308 840 1382 879 110

163 908 438 954 prorumpunt
457 902 612 941 alacres
631 915 838 954 caecoque
858 916 994 941 errore
1014 902 1218 949 feruntur,

215 981 298 1019 qua
316 982 438 1006 sonus
459 974 587 1019 atque
606 974 775 1014 tremor,
796 981 879 1020 qua
897 967 1010 1007 furor
1029 971 1260 1021 exagitant.

160 1034 346 1072 incendit
365 1033 522 1080 feritas,
541 1037 651 1086 rapit
669 1036 850 1086 impetus
870 1039 915 1072 et
933 1033 1072 1086 fragor
1090 1040 1228 1087 urget,

213 1113 289 1138 nec
308 1113 448 1139 cursus
468 1100 633 1139 volucer
651 1100 805 1138 mobile
824 1102 954 1138 sentit
973 1114 1089 1139 onus.

162 1179 235 1216 per
254 1165 390 1211 silvas,
408 1179 484 1217 per
502 1179 602 1204 saxa
620 1171 761 1211 ruunt,
780 1179 863 1204 non
881 1168 971 1217 ripa
989 1166 1181 1208 retardat
1305 1169 1379 1208 115

213 1230 390 1269 fluminis
411 1238 484 1270 aut
502 1237 663 1270 torrens
683 1234 895 1283 oppositus
914 1230 1094 1270 cohibet.

159 1303 428 1348 prosternunt
447 1311 592 1349 saepes
613 1303 658 1336 et
675 1303 825 1336 cuncta
844 1297 1059 1335 obstacula
1076 1302 1291 1349 rumpunt,

210 1376 354 1414 prona,
374 1362 537 1415 fragosa
555 1368 722 1415 petunt,
742 1363 871 1401 ardua
890 1362 1140 1402 transiliunt.

159 1431 283 1467 scissa
301 1431 541 1468 minutatim
558 1428 766 1467 labefacto
785 1441 954 1480 corpore
973 1427 1108 1467 frusta

211 1497 343 1546 carpit
362 1497 577 1547 spinigeris
597 1494 792 1546 stirpibus
811 1493 943 1532 hirtus
963 1507 1075 1546 ager.
1301 1496 1377 1535 120

159 1573 252 1611 pars
272 1563 441 1599 summis
460 1560 619 1611 pendet
637 1559 829 1611 scopulis,
847 1573 942 1611 pars
961 1559 1148 1598 sentibus
1167 1559 1328 1606 haeret,

210 1632 330 1677 parte
350 1627 502 1664 rubent
521 1625 701 1671 frondes,
720 1631 840 1677 parte
860 1625 1062 1664 madescit
1080 1625 1242 1663 humus.

159 1692 372 1743 exemplar
391 1692 554 1730 sceleris
573 1694 707 1744 paries
727 1691 855 1729 habet
874 1690 1029 1737 inlitus,
1047 1693 1091 1729 in
1110 1703 1192 1742 quo
1254 1691 1256 1693 ’

211 1757 444 1796 multicolor
463 1757 579 1796 fucus
598 1757 752 1810 digerit
770 1770 892 1795 omne
911 1755 1041 1795 nefas.

156 1825 270 1874 picta
288 1837 412 1875 super
430 1823 637 1862 tumulum
656 1825 813 1874 species
831 1822 998 1874 liquidis
1017 1824 1131 1875 viget
1151 1823 1305 1862 umbris

210 1889 392 1941 effigians
412 1891 535 1928 tracti
554 1889 741 1927 membra
759 1893 932 1927 cruenta
950 1890 1037 1926 viri.
1299 1891 1373 1930 126

157 1961 343 1993 rorantes
363 1968 555 1993 saxorum
575 1957 710 2007 apices
730 1953 827 2000 vidi,
845 1955 1002 2005 optime
1020 1966 1143 2006 papa,

210 2033 521 2072 purpureasque
540 2026 660 2059 notas
679 2020 871 2071 vepribus
890 2021 1101 2071 inpositas.

156 2121 227 2159 312
