1456 2358
618 143 981 184 PRUDENTIUS

189 251 336 291 fraude
355 251 599 304 pudicitiam
619 249 891 302 perfringere,
911 249 970 287 nil
989 262 1150 288 sacrum
1169 255 1333 302 putare,

189 331 314 370 saepe
336 320 464 356 etiam
483 319 692 369 magicum
712 321 934 354 cantamen
952 318 1056 354 inire
1075 329 1151 367 per
1169 316 1373 368 sepulcra,

189 397 271 436 quo
291 383 455 437 geniale
476 386 556 425 tori
575 385 638 421 ius
659 382 839 421 solveret
859 387 1079 421 aestuante
1099 388 1244 434 nupta.

188 450 376 488 luxuriae
393 450 552 488 rabiem
569 454 715 487 tantae
732 447 899 486 cohibet
915 453 1090 499 repente
1108 447 1309 495 Christus,
1357 451 1407 490 25

188 515 358 554 discutit
378 522 422 554 et
439 515 634 554 tenebras
653 514 706 553 de
723 519 907 566 pectore,
925 513 1046 565 pellit
1064 518 1108 552 et
1125 513 1320 560 furorem,

188 582 322 633 inplet
341 595 480 620 amore
499 583 576 626 sui,
595 581 669 619 dat
687 580 872 626 credere,
890 580 965 618 dat
982 579 1140 631 pudere
1159 579 1272 619 facti.

187 650 354 699 iamque
373 647 504 699 figura
522 647 602 685 alia
620 652 684 684 est
703 659 828 698 quam
846 658 953 698 quae
971 644 1052 684 fuit
1068 647 1148 685 oris
1165 651 1211 686 et
1227 649 1395 686 nitoris:

189 716 356 752 exuitur
375 715 493 752 tenui
512 713 651 751 vultus
671 718 782 758 cute,
801 715 952 750 transit
969 714 1013 750 in
1031 725 1232 758 severam,

188 778 327 818 deflua
347 781 548 817 caesaries
571 780 831 830 conpescitur
852 778 906 816 ad
925 778 1072 816 breves
1093 777 1277 830 capillos,
1355 781 1407 819 30

186 848 274 897 ipse
294 845 485 884 modesta
502 845 630 896 loqui,
650 857 767 896 spem
787 856 1002 895 quaerere,
1021 843 1210 896 regulam
1227 849 1389 891 tenere,

187 914 324 950 vivere
343 914 503 950 iustitia
521 910 688 956 Christi,
706 915 928 962 penetrare
948 909 1102 962 dogma
1118 915 1318 949 nostrum.

187 977 248 1016 his
269 980 397 1029 igitur
416 979 574 1015 meritis
596 977 859 1029 dignissimus
879 989 1011 1027 usque
1033 976 1264 1028 episcopale

185 1043 426 1094 provehitur
444 1043 592 1081 solium
611 1042 769 1088 doctor,
788 1044 900 1094 capit
920 1047 964 1080 et
982 1042 1113 1081 sedile
1132 1055 1352 1081 summum.

186 1109 427 1148 Valerianus
448 1123 574 1161 opum
592 1111 782 1160 princeps
803 1114 894 1147 erat
913 1114 1040 1159 atque
1061 1107 1299 1154 Gallienus3
1355 1108 1406 1149 35

186 1178 439 1214 constituere
459 1175 580 1213 simul
598 1188 777 1226 poenam
796 1177 943 1226 capitis
964 1174 1103 1213 Deum
1123 1173 1288 1213 fatenti.

186 1241 300 1279 milia
318 1243 575 1293 terrigenum
594 1243 855 1292 spurcissima
872 1242 1078 1279 iusserant
1096 1242 1258 1279 sacrari.

185 1313 329 1346 contra
348 1310 504 1346 animos
523 1307 667 1358 populi
686 1307 831 1345 doctor
850 1306 1079 1358 Cyprianus
1098 1306 1314 1352 incitabat,

185 1387 238 1411 ne
258 1376 348 1425 quis
369 1374 421 1411 ab
442 1375 635 1425 egregiae
655 1375 819 1411 virtutis
838 1372 994 1411 honore
1013 1372 1282 1424 discreparet,

184 1453 267 1478 neu
287 1439 383 1478 fidei
402 1442 583 1491 pretium
603 1441 693 1490 quis
713 1451 876 1477 sumere
896 1438 1081 1491 degener
1099 1441 1282 1477 timeret.
1352 1439 1404 1478 40

186 1519 275 1544 esse
294 1505 429 1544 levem
448 1507 690 1550 cruciatum,
709 1507 743 1543 si
761 1504 885 1543 modo
904 1503 1091 1543 conferas
1111 1503 1266 1550 futura,

185 1585 292 1623 quae
314 1571 429 1610 Deus
448 1574 536 1622 ipse
556 1573 650 1609 viris
669 1573 893 1609 intermina
911 1569 1088 1609 fortibus
1107 1569 1354 1622 spopondit3

184 1650 320 1676 merce
341 1637 490 1676 doloris
511 1639 592 1675 emi
612 1650 729 1688 spem
747 1637 912 1675 luminis
934 1642 978 1675 et
996 1636 1108 1674 diem
1126 1649 1368 1688 perennem,

183 1717 306 1742 omne
321 1703 476 1741 malum
490 1703 643 1742 volucri
658 1716 752 1740 cum
765 1708 955 1754 tempore
969 1701 1223 1740 transvolare
1238 1703 1401 1740 cursim.

183 1769 240 1806 nil
257 1783 398 1821 grave,
417 1769 527 1820 quod
545 1770 689 1820 peragi
707 1768 797 1806 finis
815 1767 915 1806 facit
934 1773 978 1806 et
996 1770 1139 1819 quiete
1157 1767 1299 1806 donat.
1350 1768 1401 1808 45

183 1848 228 1872 se
248 1834 335 1873 fore
355 1837 601 1886 principium
620 1834 816 1886 pulchrae
836 1836 947 1872 necis
968 1839 1012 1872 et
1032 1833 1181 1872 ducem
1200 1835 1367 1879 cruoris,

229 1965 244 1980 ⁰
266 1960 422 2003 Cyprian
452 1961 492 1993 of
518 1960 695 2003 Carthago
724 1961 753 1993 is
785 1960 866 1993 here
897 1959 1068 1993 confused
1098 1958 1186 1992 with
1216 1970 1238 1991 a
1266 1958 1402 1992 certain

184 2003 339 2047 Cyprian
356 2005 396 2037 of
408 2004 574 2037 Antioch.

228 2047 241 2068 ¹³
265 2048 329 2081 See
345 2051 430 2081 note
446 2058 492 2080 on
509 2046 572 2086 VI,
589 2049 644 2081 41.

184 2124 256 2162 330
