1456 2358
121 2083 192 2132 146

575 108 935 151 PRUDENTIUS

251 215 394 251 mortis
414 227 553 253 amore
570 216 711 267 puella
728 223 836 257 ruat.

302 267 374 305 illa
391 282 538 320 perosa
557 272 707 322 quietis
725 285 848 324 opem

251 321 449 374 degeneri
467 323 644 363 tolerare
663 340 778 365 mora

249 382 371 415 nocte
391 376 499 416 fores
518 381 605 418 sine
624 385 734 419 teste
753 388 894 421 movet

250 436 478 483 saeptaque
497 433 676 473 claustra
694 434 821 488 fugax
842 439 988 488 aperit,

248 485 346 524 inde
363 499 439 537 per
456 489 566 526 invia
584 492 716 540 carpit
732 492 825 528 iter.

298 541 531 592 ingreditur
547 544 722 594 pedibus
741 544 883 584 laceris

246 607 322 645 per
339 594 429 633 loca
447 602 567 635 senta
585 600 667 637 situ
687 605 731 638 et
749 601 940 651 vepribus

247 649 433 701 angelico
452 653 650 691 comitata
668 653 804 700 choro,

246 709 291 742 et
308 703 406 743 licet
424 704 589 744 horrida
606 721 688 746 nox
707 708 841 755 sileat,

243 756 343 796 lucis
362 758 491 798 habet
509 765 651 800 tamen
669 762 741 801 illa
759 763 919 802 ducem.

296 815 352 851 sic
371 812 517 854 habuit
534 829 736 868 generosa
754 824 919 869 patrum

242 868 365 906 turba
384 868 698 910 columniferum
716 873 891 919 radium,

242 922 428 961 scindere
448 927 519 975 qui
537 926 758 965 tenebrosa
776 933 924 978 potens

241 982 363 1015 nocte
383 980 491 1017 viam
510 977 600 1018 face
619 984 835 1033 perspicua

240 1034 451 1082 praestitit
469 1035 707 1073 intereunte
726 1035 841 1075 chao.

292 1099 374 1124 non
394 1087 515 1126 aliter
532 1091 601 1140 pia
619 1092 733 1142 virgo
751 1093 860 1130 viam

239 1145 361 1179 noete
379 1147 523 1181 secuta
541 1143 653 1182 diem
670 1147 823 1184 meruit

238 1207 315 1233 nec
333 1196 516 1235 tenebris
536 1198 737 1250 adoperta
755 1198 848 1246 fuit,

238 1262 368 1301 regna
386 1250 593 1303 Canopica
611 1266 704 1292 cum
723 1253 890 1306 fugeret

238 1309 283 1342 et
301 1317 424 1356 super
443 1312 554 1344 astra
571 1314 738 1358 pararet
756 1311 848 1348 iter.

285 1358 358 1397 illa
374 1360 506 1411 gradu
525 1364 608 1400 cita
625 1363 814 1416 pervigili

233 1412 349 1451 milia
366 1413 499 1453 multa
516 1418 628 1467 prius
646 1421 810 1470 peragit

234 1480 359 1519 quam
376 1468 502 1521 plaga
519 1471 678 1521 pandat
696 1472 785 1511 an
802 1473 967 1525 polum;

232 1535 355 1561 mane
374 1524 552 1575 superba
571 1526 752 1565 tribunal
772 1528 861 1566 adit

232 1575 411 1616 fascibus
431 1579 570 1618 adstat
590 1586 634 1619 et
651 1583 695 1619 in
712 1582 859 1621 mediis

284 1631 533 1671 vociferans:
569 1633 592 1648 “
611 1649 724 1687 rogo,
745 1639 835 1688 quis
854 1636 967 1676 furor
986 1644 1049 1677 est

231 1685 406 1736 perdere
425 1691 672 1740 praecipites
693 1693 849 1730 animas

232 1745 275 1778 et
293 1741 402 1779 male
421 1743 595 1794 prodiga
613 1745 736 1783 corda
755 1748 817 1784 sui

229 1800 415 1834 sternere
434 1797 622 1836 rasilibus
641 1799 832 1851 scopulis,

230 1852 589 1904 omnipatremque
608 1866 762 1905 negare
783 1855 950 1895 Deum?

281 1907 494 1955 quaeritis,
513 1920 537 1944 0
555 1909 790 1947 miseranda
808 1924 968 1956 manus,

228 1957 517 1999 Christicolum
535 1963 696 2013 genus?
731 1976 783 2002 en
803 1977 881 2017 ego
900 1979 991 2004 sum

227 2012 477 2053 daemonicis
496 2017 662 2055 inimica
680 2021 817 2064 sacris,

1303 494 1352 535 45

1296 1043 1346 1081 55

1293 1315 1343 1353 60

1291 1588 1341 1627 65

1289 1862 1339 1901 70
