1456 2358
605 123 967 164 PRUDENTIUS

437 232 544 269 tanti
565 244 646 269 non
666 232 838 268 timeam
856 232 953 275 viri;
1342 232 1394 272 55
1446 268 1453 272 .

439 298 520 336 quo
540 298 647 323 nunc
668 298 789 322 nemo
808 284 997 323 disertior

439 339 616 382 exultat,
636 338 790 383 fremit,
808 341 985 384 intonat,

439 396 656 444 ventisque
677 393 827 444 eloquii
846 399 1005 432 tumet:

439 450 503 486 cui
522 461 702 486 mersare
721 447 960 486 facillimum
981 454 1044 487 est

439 502 682 541 tractandae
701 502 919 540 indocilem
939 505 1051 549 ratis,
1344 504 1395 542 60

439 559 479 595 ni
500 563 562 602 tu,
581 557 743 595 Christe
763 563 926 608 potens,
946 571 1112 596 manum

440 611 588 650 dextro
608 614 775 650 numine
797 614 991 663 porrigas,

440 666 605 705 facundi
625 669 704 704 oris
724 672 771 704 ut
790 669 955 717 inpetus

439 735 520 759 non
540 734 607 759 me
628 720 818 759 fluctibus
838 722 1001 764 obruat,

439 776 512 814 sed
532 778 681 814 sensim
701 776 893 827 gradiens
915 776 1026 814 vadis
1123 790 1134 796 ‘
1344 777 1395 817 65

438 833 625 869 insistam
645 829 915 868 fluitantibus.

181 963 399 1001 HACTENUS
420 968 463 1000 et
482 969 671 1001 veterum
690 962 894 1001 cunabula
914 965 1045 1014 prima
1063 962 1235 1001 deorum

180 1023 223 1055 et
242 1031 385 1055 causas
405 1018 552 1068 quibus
573 1031 684 1055 error
702 1017 830 1055 hebes
850 1016 1050 1055 conflatus
1067 1019 1110 1055 in
1129 1017 1228 1055 orbe
1248 1021 1313 1055 est

179 1072 371 1117 diximus,
391 1077 435 1110 et
454 1078 593 1110 nostro
614 1072 787 1110 Romam
806 1074 888 1110 iam
908 1071 1075 1110 credere
1095 1071 1281 1117 Christ03

178 1140 286 1164 nunc
305 1127 469 1165 obiecta
487 1126 639 1178 legam,
658 1140 766 1164 nunc
785 1126 905 1165 dictis
924 1126 1035 1164 dicta
1054 1125 1253 1164 refellam.

179 1181 289 1219 unde
308 1183 435 1233 igitur
454 1184 636 1232 coepisse
656 1180 796 1219 ferunt
816 1187 888 1219 aut
908 1194 957 1219 ex
979 1181 1127 1232 quibus
1146 1193 1298 1225 orsum,
1371 1181 1396 1221 5
1448 1227 1453 1235 *y

179 1249 260 1287 quo
280 1249 402 1287 mage
421 1241 565 1274 sancta
583 1235 734 1274 ducum
753 1235 876 1274 corda
895 1235 1015 1273 inlice
1033 1234 1223 1274 flecteret
1234 1233 1361 1273 farte?

181 1304 386 1329 armorum
405 1290 591 1329 dominos
612 1296 831 1328 vernantes
850 1289 948 1328 flore
968 1292 1177 1334 iuventae,

177 1348 286 1383 inter
305 1350 440 1383 castra
459 1347 586 1396 patris
604 1347 782 1397 genitos,
802 1345 877 1383 sub
896 1347 1077 1396 imagine
1096 1346 1208 1382 avita

179 1399 364 1444 eductos,
385 1399 577 1451 exempla
595 1399 705 1438 domi
726 1405 923 1451 congesta
941 1399 1138 1444 calentes,
1390 1446 1395 1450 ι

177 1459 316 1492 orator
334 1460 450 1492 catus
469 1456 655 1506 instigat,
674 1467 749 1492 ceu
769 1454 936 1492 classica
954 1453 1053 1491 belli
1346 1454 1396 1494 10

177 1509 404 1560 clangeret,
425 1511 673 1560 exacuitque
693 1511 849 1546 animos
870 1514 913 1546 et
932 1508 1033 1546 talia
1051 1510 1202 1546 iactat:

178 1562 200 1576 “
220 1565 253 1601 si
274 1564 387 1601 vobis
407 1563 469 1601 vel
490 1569 623 1614 parta,
644 1565 731 1608 viri,
750 1565 920 1601 victoria
938 1562 1048 1601 cordi
1069 1567 1133 1600 est

177 1617 241 1656 vel
262 1617 460 1669 parienda
478 1617 640 1662 dehinc,
660 1617 864 1669 templum
883 1617 963 1656 dea
981 1619 1094 1669 virgo
1113 1621 1320 1655 sacratum

177 1672 366 1711 obtineat
386 1673 499 1711 vobis
518 1673 800 1724 regnantibus.
858 1674 996 1723 ecquis
1017 1673 1169 1709 amicus

178 1727 363 1765 hostibus
382 1727 488 1765 hanc
507 1733 643 1765 vestro
663 1732 805 1765 sancte
824 1732 952 1778 negat
973 1739 1062 1764 esse
1081 1725 1296 1764 colendam
1345 1727 1394 1766 15

177 1784 363 1833 imperio,
382 1783 448 1820 cui
467 1795 631 1833 semper
650 1781 782 1826 adest,
803 1781 913 1832 quod
931 1781 1120 1819 laudibus
1139 1779 1299 1832 inplet?
1319 1778 1342 1793 ”

225 1884 239 1899 ⁰
264 1879 442 1912 Honorius
466 1879 536 1911 and
560 1879 742 1917 Arcadius,
767 1889 848 1912 sons
872 1878 912 1911 of
931 1878 1147 1911 Theodosius
1172 1877 1201 1916 I,
1226 1877 1298 1910 and
1321 1887 1392 1910 em-

179 1933 297 1965 perors
313 1923 353 1955 of
365 1923 426 1955 the
442 1923 540 1955 West
555 1923 626 1955 and
643 1923 731 1956 East
746 1922 986 1965 respectively.

226 1967 239 1987 ⁶
263 1967 335 1999 The
355 1967 471 1999 father
489 1967 529 1999 of
544 1967 772 2004 Theodosius,
792 1966 870 1999 who
890 1966 972 1999 bore
991 1965 1052 1998 the
1071 1975 1167 1998 same
1185 1975 1300 2003 name,
1320 1964 1394 1998 had

179 2010 265 2043 been
288 2011 443 2043 eminent
466 2022 504 2042 as
528 2021 549 2043 a
571 2011 727 2053 military
751 2010 986 2047 commander,
1010 2010 1117 2052 doing
1139 2019 1226 2052 very
1246 2008 1393 2042 notable

177 2054 308 2087 service
325 2055 361 2087 in
379 2055 516 2087 Britain
533 2055 604 2088 and
620 2055 738 2088 Africa
755 2054 791 2087 in
807 2054 870 2088 the
886 2054 973 2087 time
989 2053 1030 2087 of
1042 2053 1267 2087 Valentinian
1283 2052 1313 2086 1.

177 2102 200 2139 6
