<?xml version="1.0" encoding="UTF-8"?>
<!DOCTYPE html PUBLIC "-//W3C//DTD XHTML 1.0 Transitional//EN"
    "http://www.w3.org/TR/xhtml1/DTD/xhtml1-transitional.dtd">
<html xmlns="http://www.w3.org/1999/xhtml" xml:lang="en" lang="en">
 <head>
  <title>
</title>
<meta http-equiv="Content-Type" content="text/html;charset=utf-8" />
  <meta name='ocr-system' content='tesseract 3.04.00' />
  <meta name='ocr-capabilities' content='ocr_page ocr_carea ocr_par ocr_line ocrx_word'/>
</head>
<body>
  <div class='ocr_page' id='page_1' title='image "./prudentius00pruduoft_0180.png"; bbox 0 0 1456 2358; ppageno 0'>
   <div class='ocr_carea' id='block_1_1' title="bbox 619 128 982 169">
    <p class='ocr_par' dir='ltr' id='par_1_1' title="bbox 619 128 982 169">
     <span class='ocr_line' id='line_1_1' title="bbox 619 128 982 169; baseline 0.003 -2"><span class='ocrx_word' id='word_1_1' title='bbox 619 128 982 169; x_wconf 89' lang='lat' dir='ltr'><strong>PRUDENTIUS</strong></span> 
     </span>
    </p>
   </div>
   <div class='ocr_carea' id='block_1_2' title="bbox 293 234 1408 1217">
    <p class='ocr_par' dir='ltr' id='par_1_2' title="bbox 293 234 1408 1217">
     <span class='ocr_line' id='line_1_2' title="bbox 296 234 1031 289; baseline -0.003 -14"><span class='ocrx_word' id='word_1_2' title='bbox 296 235 404 275; x_wconf 87' lang='lat' dir='ltr'><strong>ferre</strong></span> <span class='ocrx_word' id='word_1_3' title='bbox 423 238 615 289; x_wconf 87' lang='lat' dir='ltr'><strong>provenit</strong></span> <span class='ocrx_word' id='word_1_4' title='bbox 632 235 758 274; x_wconf 84' lang='lat' dir='ltr'><strong>decus</strong></span> <span class='ocrx_word' id='word_1_5' title='bbox 778 248 830 274; x_wconf 85' lang='lat' dir='ltr'><strong>ex</strong></span> <span class='ocrx_word' id='word_1_6' title='bbox 850 234 1031 274; x_wconf 91' lang='lat' dir='ltr'><strong>secundo</strong></span> 
     </span>
     <span class='ocr_line' id='line_1_3' title="bbox 503 291 803 343; baseline -0.003 -14"><span class='ocrx_word' id='word_1_7' title='bbox 503 291 637 330; x_wconf 89' lang='lat' dir='ltr'><strong>laudis</strong></span> <span class='ocrx_word' id='word_1_8' title='bbox 657 303 803 343; x_wconf 87' lang='lat' dir='ltr'><strong>agone.</strong></span> 
     </span>
     <span class='ocr_line' id='line_1_4' title="bbox 296 345 1407 386; baseline -0.002 -2"><span class='ocrx_word' id='word_1_9' title='bbox 296 346 418 384; x_wconf 84' lang='lat' dir='ltr'><strong>ambo</strong></span> <span class='ocrx_word' id='word_1_10' title='bbox 437 345 613 385; x_wconf 87' lang='lat' dir='ltr'><strong>confessi</strong></span> <span class='ocrx_word' id='word_1_11' title='bbox 633 345 859 383; x_wconf 90' lang='lat' dir='ltr'><strong>Dominum</strong></span> <span class='ocrx_word' id='word_1_12' title='bbox 878 349 1090 383; x_wconf 88' lang='lat' dir='ltr'><strong>steterunt</strong></span> <span class='ocrx_word' id='word_1_13' title='bbox 1333 346 1407 386; x_wconf 88' lang='lat'><strong>185</strong></span> 
     </span>
     <span class='ocr_line' id='line_1_5' title="bbox 296 398 1079 444; baseline -0.003 -5"><span class='ocrx_word' id='word_1_14' title='bbox 296 403 445 439; x_wconf 90' lang='lat' dir='ltr'><strong>acriter</strong></span> <span class='ocrx_word' id='word_1_15' title='bbox 463 405 608 439; x_wconf 85' lang='lat' dir='ltr'><strong>eontra</strong></span> <span class='ocrx_word' id='word_1_16' title='bbox 626 399 839 438; x_wconf 84' lang='lat' dir='ltr'><strong>fremitum</strong></span> <span class='ocrx_word' id='word_1_17' title='bbox 857 398 1079 444; x_wconf 86' lang='lat' dir='ltr'><strong>latronum,</strong></span> 
     </span>
     <span class='ocr_line' id='line_1_6' title="bbox 295 454 1033 507; baseline -0.003 -13"><span class='ocrx_word' id='word_1_18' title='bbox 295 456 418 494; x_wconf 87' lang='lat' dir='ltr'><strong>ambo</strong></span> <span class='ocrx_word' id='word_1_19' title='bbox 436 460 659 507; x_wconf 89' lang='lat' dir='ltr'><strong>gustarunt</strong></span> <span class='ocrx_word' id='word_1_20' title='bbox 677 454 826 492; x_wconf 89' lang='lat' dir='ltr'><strong>leviter</strong></span> <span class='ocrx_word' id='word_1_21' title='bbox 843 466 1033 505; x_wconf 88' lang='lat' dir='ltr'><strong>saporem</strong></span> 
     </span>
     <span class='ocr_line' id='line_1_7' title="bbox 502 511 807 561; baseline 0 -14"><span class='ocrx_word' id='word_1_22' title='bbox 502 511 807 561; x_wconf 78' lang='lat' dir='ltr'><strong>martyriorum.</strong></span> 
     </span>
     <span class='ocr_line' id='line_1_8' title="bbox 294 563 1005 615; baseline -0.003 -12"><span class='ocrx_word' id='word_1_23' title='bbox 294 564 398 603; x_wconf 88' lang='lat' dir='ltr'><strong>haee</strong></span> <span class='ocrx_word' id='word_1_24' title='bbox 417 565 494 602; x_wconf 93' lang='lat' dir='ltr'><strong>sub</strong></span> <span class='ocrx_word' id='word_1_25' title='bbox 513 563 634 602; x_wconf 88' lang='lat' dir='ltr'><strong>altari</strong></span> <span class='ocrx_word' id='word_1_26' title='bbox 653 566 734 602; x_wconf 87' lang='lat' dir='ltr'><strong>sita</strong></span> <span class='ocrx_word' id='word_1_27' title='bbox 751 565 1005 615; x_wconf 88' lang='lat' dir='ltr'><strong>sempiterno</strong></span> 
     </span>
     <span class='ocr_line' id='line_1_9' title="bbox 294 618 1408 671; baseline -0.003 -14"><span class='ocrx_word' id='word_1_28' title='bbox 294 618 476 671; x_wconf 88' lang='lat' dir='ltr'>lapsibus</span> <span class='ocrx_word' id='word_1_29' title='bbox 495 621 645 657; x_wconf 90' lang='lat' dir='ltr'><strong>nostris</strong></span> <span class='ocrx_word' id='word_1_30' title='bbox 664 620 828 656; x_wconf 90' lang='lat' dir='ltr'><strong>veniam</strong></span> <span class='ocrx_word' id='word_1_31' title='bbox 847 623 1041 669; x_wconf 81' lang='lat' dir='ltr'><strong>precatur</strong></span> <span class='ocrx_word' id='word_1_32' title='bbox 1333 618 1408 658; x_wconf 88' lang='lat'><strong>190</strong></span> 
     </span>
     <span class='ocr_line' id='line_1_10' title="bbox 294 674 1230 725; baseline -0.002 -13"><span class='ocrx_word' id='word_1_33' title='bbox 294 674 433 720; x_wconf 85' lang='lat' dir='ltr'><strong>turba,</strong></span> <span class='ocrx_word' id='word_1_34' title='bbox 453 686 579 725; x_wconf 90' lang='lat' dir='ltr'><strong>quam</strong></span> <span class='ocrx_word' id='word_1_35' title='bbox 597 678 736 711; x_wconf 88' lang='lat' dir='ltr'><strong>servat</strong></span> <span class='ocrx_word' id='word_1_36' title='bbox 754 685 971 724; x_wconf 91' lang='lat' dir='ltr'><strong>procerum</strong></span> <span class='ocrx_word' id='word_1_37' title='bbox 988 674 1167 711; x_wconf 78' lang='lat' dir='ltr'>creatrix</span> <span class='ocrx_word' id='word_1_38' title='bbox 1225 686 1230 689; x_wconf 92' lang='lat'>·</span> 
     </span>
     <span class='ocr_line' id='line_1_11' title="bbox 430 741 819 779; baseline -0.005 -12"><span class='ocrx_word' id='word_1_39' title='bbox 430 747 433 750; x_wconf 51' lang='lat'><strong>⁴</strong></span> <span class='ocrx_word' id='word_1_40' title='bbox 504 741 819 779; x_wconf 87' lang='lat' dir='ltr'><strong>purpureorum.</strong></span> 
     </span>
     <span class='ocr_line' id='line_1_12' title="bbox 294 781 982 835; baseline -0.004 -13"><span class='ocrx_word' id='word_1_41' title='bbox 294 796 368 822; x_wconf 87' lang='lat' dir='ltr'><strong>nos</strong></span> <span class='ocrx_word' id='word_1_42' title='bbox 387 785 456 835; x_wconf 91' lang='lat' dir='ltr'><strong>pio</strong></span> <span class='ocrx_word' id='word_1_43' title='bbox 475 782 593 828; x_wconf 89' lang='lat' dir='ltr'><strong>fletu,</strong></span> <span class='ocrx_word' id='word_1_44' title='bbox 611 782 726 828; x_wconf 88' lang='lat' dir='ltr'><strong>date,</strong></span> <span class='ocrx_word' id='word_1_45' title='bbox 745 781 982 833; x_wconf 88' lang='lat' dir='ltr'><strong>perluamus</strong></span> 
     </span>
     <span class='ocr_line' id='line_1_13' title="bbox 294 836 1131 888; baseline -0.002 -12"><span class='ocrx_word' id='word_1_46' title='bbox 294 851 546 876; x_wconf 90' lang='lat' dir='ltr'><strong>marmorum</strong></span> <span class='ocrx_word' id='word_1_47' title='bbox 565 837 711 882; x_wconf 88' lang='lat' dir='ltr'><strong>sulcos,</strong></span> <span class='ocrx_word' id='word_1_48' title='bbox 731 836 880 888; x_wconf 88' lang='lat' dir='ltr'><strong>quibus</strong></span> <span class='ocrx_word' id='word_1_49' title='bbox 900 842 972 878; x_wconf 76' lang='lat' dir='ltr'><strong>est,</strong></span> <span class='ocrx_word' id='word_1_50' title='bbox 983 841 1131 887; x_wconf 85' lang='lat' dir='ltr'><strong>operta</strong></span> 
     </span>
     <span class='ocr_line' id='line_1_14' title="bbox 294 890 1407 944; baseline 0.001 -13"><span class='ocrx_word' id='word_1_51' title='bbox 294 906 387 944; x_wconf 88' lang='lat' dir='ltr'><strong>spes</strong></span> <span class='ocrx_word' id='word_1_52' title='bbox 407 897 456 931; x_wconf 89' lang='lat' dir='ltr'><strong>ut</strong></span> <span class='ocrx_word' id='word_1_53' title='bbox 475 891 685 931; x_wconf 83' lang='lat' dir='ltr'><strong>absolvam</strong></span> <span class='ocrx_word' id='word_1_54' title='bbox 703 890 1024 930; x_wconf 83' lang='lat' dir='ltr'><strong>retinaculorum</strong></span> <span class='ocrx_word' id='word_1_55' title='bbox 1332 892 1407 932; x_wconf 83' lang='lat'><strong>195</strong></span> 
     </span>
     <span class='ocr_line' id='line_1_15' title="bbox 502 946 854 985; baseline -0.003 0"><span class='ocrx_word' id='word_1_56' title='bbox 502 946 636 985; x_wconf 90' lang='lat' dir='ltr'><strong>vincla</strong></span> <span class='ocrx_word' id='word_1_57' title='bbox 653 959 854 985; x_wconf 89' lang='lat' dir='ltr'><strong>meorum.</strong></span> 
     </span>
     <span class='ocr_line' id='line_1_16' title="bbox 294 1002 1044 1053; baseline -0.003 -13"><span class='ocrx_word' id='word_1_58' title='bbox 294 1007 434 1040; x_wconf 85' lang='lat' dir='ltr'><strong>sterne</strong></span> <span class='ocrx_word' id='word_1_59' title='bbox 454 1007 498 1040; x_wconf 88' lang='lat' dir='ltr'><strong>te</strong></span> <span class='ocrx_word' id='word_1_60' title='bbox 518 1006 653 1040; x_wconf 86' lang='lat' dir='ltr'><strong>totam</strong></span> <span class='ocrx_word' id='word_1_61' title='bbox 671 1014 875 1053; x_wconf 89' lang='lat' dir='ltr'><strong>generosa</strong></span> <span class='ocrx_word' id='word_1_62' title='bbox 892 1002 1044 1039; x_wconf 86' lang='lat' dir='ltr'><strong>sanctis</strong></span> 
     </span>
     <span class='ocr_line' id='line_1_17' title="bbox 293 1055 1018 1100; baseline -0.001 -6"><span class='ocrx_word' id='word_1_63' title='bbox 293 1059 437 1095; x_wconf 86' lang='lat' dir='ltr'><strong>civitas</strong></span> <span class='ocrx_word' id='word_1_64' title='bbox 455 1069 621 1095; x_wconf 86' lang='lat' dir='ltr'><strong>mecum</strong></span> <span class='ocrx_word' id='word_1_65' title='bbox 639 1055 833 1100; x_wconf 81' lang='lat' dir='ltr'><strong>tumulis3</strong></span> <span class='ocrx_word' id='word_1_66' title='bbox 867 1055 1018 1093; x_wconf 91' lang='lat' dir='ltr'><strong>deinde</strong></span> 
     </span>
     <span class='ocr_line' id='line_1_18' title="bbox 293 1112 1050 1163; baseline -0.003 -13"><span class='ocrx_word' id='word_1_67' title='bbox 293 1125 390 1150; x_wconf 88' lang='lat' dir='ltr'><strong>mox</strong></span> <span class='ocrx_word' id='word_1_68' title='bbox 409 1116 675 1163; x_wconf 81' lang='lat' dir='ltr'><strong>resurgentes</strong></span> <span class='ocrx_word' id='word_1_69' title='bbox 695 1112 852 1148; x_wconf 89' lang='lat' dir='ltr'><strong>animas</strong></span> <span class='ocrx_word' id='word_1_70' title='bbox 873 1115 917 1148; x_wconf 92' lang='lat' dir='ltr'><strong>et</strong></span> <span class='ocrx_word' id='word_1_71' title='bbox 936 1115 1050 1148; x_wconf 83' lang='lat' dir='ltr'><strong>artus</strong></span> 
     </span>
     <span class='ocr_line' id='line_1_19' title="bbox 502 1165 1408 1217; baseline 0.001 -14"><span class='ocrx_word' id='word_1_72' title='bbox 502 1171 595 1204; x_wconf 87' lang='lat' dir='ltr'><strong>tota</strong></span> <span class='ocrx_word' id='word_1_73' title='bbox 613 1167 810 1217; x_wconf 87' lang='lat' dir='ltr'><strong>sequeris.</strong></span> <span class='ocrx_word' id='word_1_74' title='bbox 1330 1165 1408 1204; x_wconf 88' lang='lat'><strong>200</strong></span> 
     </span>
    </p>
   </div>
   <div class='ocr_carea' id='block_1_3' title="bbox 776 1349 813 1387">
    <p class='ocr_par' dir='ltr' id='par_1_3' title="bbox 776 1349 813 1387">
     <span class='ocr_line' id='line_1_20' title="bbox 776 1349 813 1387; baseline 0 0"><span class='ocrx_word' id='word_1_75' title='bbox 776 1349 813 1387; x_wconf 95' lang='lat' dir='ltr'>V</span> 
     </span>
    </p>
   </div>
   <div class='ocr_carea' id='block_1_4' title="bbox 386 1444 1206 1484">
    <p class='ocr_par' dir='ltr' id='par_1_4' title="bbox 386 1444 1206 1484">
     <span class='ocr_line' id='line_1_21' title="bbox 386 1444 1206 1484; baseline -0.002 0"><span class='ocrx_word' id='word_1_76' title='bbox 386 1446 529 1484; x_wconf 76' lang='lat' dir='ltr'><strong>PAssm</strong></span> <span class='ocrx_word' id='word_1_77' title='bbox 557 1445 706 1484; x_wconf 81' lang='lat' dir='ltr'>SANCTI</span> <span class='ocrx_word' id='word_1_78' title='bbox 734 1445 939 1483; x_wconf 68' lang='lat' dir='ltr'><strong>Vmcmn</strong></span> <span class='ocrx_word' id='word_1_79' title='bbox 969 1444 1206 1483; x_wconf 70' lang='lat' dir='ltr'><strong>MAn‘rvms.</strong></span> 
     </span>
    </p>
   </div>
   <div class='ocr_carea' id='block_1_5' title="bbox 291 1527 1401 1959">
    <p class='ocr_par' dir='ltr' id='par_1_5' title="bbox 291 1527 1401 1959">
     <span class='ocr_line' id='line_1_22' title="bbox 292 1527 836 1578; baseline -0.004 -13"><span class='ocrx_word' id='word_1_80' title='bbox 292 1527 429 1565; x_wconf 74' lang='grc' dir='ltr'><strong>ΒΕΑΤΕ</strong></span> <span class='ocrx_word' id='word_1_81' title='bbox 447 1530 619 1578; x_wconf 80' lang='lat' dir='ltr'><strong>martyr,</strong></span> <span class='ocrx_word' id='word_1_82' title='bbox 639 1538 836 1577; x_wconf 85' lang='lat' dir='ltr'><strong>prospera</strong></span> 
     </span>
     <span class='ocr_line' id='line_1_23' title="bbox 292 1579 871 1632; baseline -0.007 -11"><span class='ocrx_word' id='word_1_83' title='bbox 292 1582 404 1620; x_wconf 91' lang='lat' dir='ltr'><strong>diem</strong></span> <span class='ocrx_word' id='word_1_84' title='bbox 422 1579 717 1632; x_wconf 91' lang='lat' dir='ltr'><strong>triumphalem</strong></span> <span class='ocrx_word' id='word_1_85' title='bbox 736 1585 871 1624; x_wconf 92' lang='lat' dir='ltr'><strong>tuum,</strong></span> 
     </span>
     <span class='ocr_line' id='line_1_24' title="bbox 293 1634 878 1687; baseline -0.005 -12"><span class='ocrx_word' id='word_1_86' title='bbox 293 1649 375 1687; x_wconf 92' lang='lat' dir='ltr'><strong>quo</strong></span> <span class='ocrx_word' id='word_1_87' title='bbox 394 1637 604 1687; x_wconf 83' lang='lat' dir='ltr'><strong>sanguinis</strong></span> <span class='ocrx_word' id='word_1_88' title='bbox 623 1647 780 1673; x_wconf 87' lang='lat' dir='ltr'><strong>merces</strong></span> <span class='ocrx_word' id='word_1_89' title='bbox 799 1634 878 1672; x_wconf 88' lang='lat' dir='ltr'><strong>tibi</strong></span> 
     </span>
     <span class='ocr_line' id='line_1_25' title="bbox 292 1689 836 1735; baseline -0.004 -6"><span class='ocrx_word' id='word_1_90' title='bbox 292 1703 455 1735; x_wconf 85' lang='lat' dir='ltr'><strong>corona,</strong></span> <span class='ocrx_word' id='word_1_91' title='bbox 475 1690 682 1734; x_wconf 84' lang='lat' dir='ltr'><strong>Vincenti,</strong></span> <span class='ocrx_word' id='word_1_92' title='bbox 701 1689 836 1727; x_wconf 87' lang='lat' dir='ltr'><strong>datur.</strong></span> 
     </span>
     <span class='ocr_line' id='line_1_26' title="bbox 342 1742 1401 1784; baseline -0.004 -1"><span class='ocrx_word' id='word_1_93' title='bbox 342 1745 410 1784; x_wconf 78' lang='lat' dir='ltr'><strong>hie</strong></span> <span class='ocrx_word' id='word_1_94' title='bbox 427 1750 473 1783; x_wconf 92' lang='lat' dir='ltr'><strong>te</strong></span> <span class='ocrx_word' id='word_1_95' title='bbox 493 1757 545 1783; x_wconf 84' lang='lat' dir='ltr'><strong>ex</strong></span> <span class='ocrx_word' id='word_1_96' title='bbox 564 1744 748 1782; x_wconf 90' lang='lat' dir='ltr'><strong>tenebris</strong></span> <span class='ocrx_word' id='word_1_97' title='bbox 767 1742 920 1782; x_wconf 86' lang='lat' dir='ltr'><strong>saeculi</strong></span> <span class='ocrx_word' id='word_1_98' title='bbox 1376 1743 1401 1783; x_wconf 88' lang='lat'>5</span> 
     </span>
     <span class='ocr_line' id='line_1_27' title="bbox 291 1798 795 1839; baseline -0.006 0"><span class='ocrx_word' id='word_1_99' title='bbox 291 1805 449 1839; x_wconf 88' lang='lat' dir='ltr'><strong>tortore</strong></span> <span class='ocrx_word' id='word_1_100' title='bbox 469 1801 578 1837; x_wconf 92' lang='lat' dir='ltr'><strong>victo</strong></span> <span class='ocrx_word' id='word_1_101' title='bbox 597 1803 642 1837; x_wconf 89' lang='lat' dir='ltr'><strong>et</strong></span> <span class='ocrx_word' id='word_1_102' title='bbox 659 1798 795 1837; x_wconf 91' lang='lat' dir='ltr'><strong>iudice</strong></span> 
     </span>
     <span class='ocr_line' id='line_1_28' title="bbox 292 1852 793 1893; baseline -0.006 0"><span class='ocrx_word' id='word_1_103' title='bbox 292 1856 433 1893; x_wconf 88' lang='lat' dir='ltr'><strong>evexit</strong></span> <span class='ocrx_word' id='word_1_104' title='bbox 452 1853 505 1891; x_wconf 88' lang='lat' dir='ltr'><strong>ad</strong></span> <span class='ocrx_word' id='word_1_105' title='bbox 524 1852 685 1891; x_wconf 87' lang='lat' dir='ltr'><strong>caelum</strong></span> <span class='ocrx_word' id='word_1_106' title='bbox 704 1852 793 1891; x_wconf 92' lang='lat' dir='ltr'><strong>dies</strong></span> 
     </span>
     <span class='ocr_line' id='line_1_29' title="bbox 291 1906 967 1959; baseline -0.004 -12"><span class='ocrx_word' id='word_1_107' title='bbox 291 1908 538 1959; x_wconf 88' lang='lat' dir='ltr'><strong>Christoque</strong></span> <span class='ocrx_word' id='word_1_108' title='bbox 558 1912 753 1946; x_wconf 82' lang='lat' dir='ltr'><strong>ovantem</strong></span> <span class='ocrx_word' id='word_1_109' title='bbox 771 1906 967 1945; x_wconf 89' lang='lat' dir='ltr'><strong>reddidit.</strong></span> 
     </span>
    </p>
   </div>
   <div class='ocr_carea' id='block_1_6' title="bbox 1149 1972 1399 1979">
    <p class='ocr_par' dir='ltr' id='par_1_6' title="bbox 1149 1972 1399 1979">
     <span class='ocr_line' id='line_1_30' title="bbox 1149 1972 1399 1979; baseline 0 0"><span class='ocrx_word' id='word_1_110' title='bbox 1149 1972 1399 1979; x_wconf 95' lang='lat' dir='ltr'><strong> </strong></span> 
     </span>
    </p>
   </div>
   <div class='ocr_carea' id='block_1_7' title="bbox 185 2001 1407 2090">
    <p class='ocr_par' dir='ltr' id='par_1_7' title="bbox 185 2001 1407 2090">
     <span class='ocr_line' id='line_1_31' title="bbox 230 2001 1407 2048; baseline -0.004 -9"><span class='ocrx_word' id='word_1_111' title='bbox 230 2011 246 2026; x_wconf 80' lang='lat'><strong>⁰</strong></span> <span class='ocrx_word' id='word_1_112' title='bbox 270 2006 318 2040; x_wconf 86' lang='lat' dir='ltr'><strong>Or</strong></span> <span class='ocrx_word' id='word_1_113' title='bbox 330 2005 350 2019; x_wconf 92' lang='lat'><strong>“</strong></span> <span class='ocrx_word' id='word_1_114' title='bbox 359 2017 381 2038; x_wconf 82' lang='lat' dir='ltr'><strong>a</strong></span> <span class='ocrx_word' id='word_1_115' title='bbox 391 2005 586 2048; x_wconf 80' lang='lat' dir='ltr'><strong>secondary</strong></span> <span class='ocrx_word' id='word_1_116' title='bbox 596 2007 735 2038; x_wconf 72' lang='lat' dir='ltr'><strong>contest</strong></span> <span class='ocrx_word' id='word_1_117' title='bbox 743 2004 777 2037; x_wconf 90' lang='lat'><strong>&#39;’.</strong></span> <span class='ocrx_word' id='word_1_118' title='bbox 811 2003 964 2037; x_wconf 82' lang='lat' dir='ltr'><strong>Arevalo</strong></span> <span class='ocrx_word' id='word_1_119' title='bbox 973 2002 1160 2047; x_wconf 76' lang='lat' dir='ltr'><strong>suggested</strong></span> <span class='ocrx_word' id='word_1_120' title='bbox 1168 2002 1251 2035; x_wconf 76' lang='lat' dir='ltr'><strong>that</strong></span> <span class='ocrx_word' id='word_1_121' title='bbox 1258 2001 1407 2035; x_wconf 65' lang='lat' dir='ltr'><strong>secundo</strong></span> 
     </span>
     <span class='ocr_line' id='line_1_32' title="bbox 185 2044 1403 2090; baseline -0.003 -7"><span class='ocrx_word' id='word_1_122' title='bbox 185 2050 268 2083; x_wconf 86' lang='lat' dir='ltr'><strong>here</strong></span> <span class='ocrx_word' id='word_1_123' title='bbox 284 2060 405 2083; x_wconf 80' lang='lat' dir='ltr'><strong>means</strong></span> <span class='ocrx_word' id='word_1_124' title='bbox 423 2049 444 2063; x_wconf 90' lang='lat'><strong>“</strong></span> <span class='ocrx_word' id='word_1_125' title='bbox 459 2049 500 2082; x_wconf 91' lang='lat' dir='ltr'><strong>of</strong></span> <span class='ocrx_word' id='word_1_126' title='bbox 511 2048 573 2082; x_wconf 80' lang='lat' dir='ltr'><strong>the</strong></span> <span class='ocrx_word' id='word_1_127' title='bbox 589 2048 718 2082; x_wconf 85' lang='lat' dir='ltr'><strong>second</strong></span> <span class='ocrx_word' id='word_1_128' title='bbox 734 2047 859 2086; x_wconf 79' lang='lat' dir='ltr'><strong>rank,’&#39;</strong></span> <span class='ocrx_word' id='word_1_129' title='bbox 877 2058 923 2080; x_wconf 91' lang='lat' dir='ltr'><strong>on</strong></span> <span class='ocrx_word' id='word_1_130' title='bbox 939 2047 1000 2080; x_wconf 83' lang='lat' dir='ltr'><strong>the</strong></span> <span class='ocrx_word' id='word_1_131' title='bbox 1015 2046 1153 2090; x_wconf 84' lang='lat' dir='ltr'><strong>ground</strong></span> <span class='ocrx_word' id='word_1_132' title='bbox 1168 2046 1250 2082; x_wconf 73' lang='lat' dir='ltr'><strong>that</strong></span> <span class='ocrx_word' id='word_1_133' title='bbox 1265 2044 1403 2090; x_wconf 69' lang='lat' dir='ltr'><strong>though</strong></span> 
     </span>
    </p>
   </div>
   <div class='ocr_carea' id='block_1_8' title="bbox 190 2108 261 2166">
    <p class='ocr_par' dir='ltr' id='par_1_8' title="bbox 190 2108 261 2166">
     <span class='ocr_line' id='line_1_33' title="bbox 190 2108 261 2166; baseline 0.014 -20"><span class='ocrx_word' id='word_1_134' title='bbox 190 2108 261 2166; x_wconf 69' lang='lat'><strong>168</strong></span> 
     </span>
    </p>
   </div>
  </div>
 </body>
</html>
