1456 2358
161 2100 232 2137 282

594 119 955 161 PRUDENTIUS

322 227 439 266 illum
457 233 646 266 recentes
665 240 740 279 per
758 229 994 266 cicatricum
1012 229 1098 265 vias

271 282 408 320 denuo
429 282 672 327 exarabant,
692 281 857 334 quaq'ue
877 287 1045 320 acutum
1063 286 1281 320 traxerant

269 336 393 388 paulo
413 342 512 375 ante
531 335 700 382 ferrum,
719 350 816 375 mox
835 336 1218 375 recrudescentibus

270 391 402 443 plagis
423 397 588 442 apertas
607 392 966 443 persequebantur
983 396 1118 437 notas,

271 451 373 496 q'uos
391 448 475 483 iam
494 446 694 497 superbus
714 449 843 484 victor
861 448 1030 498 ignavos
1050 451 1182 484 vocat.
1304 445 1382 486 800

272 499 294 513 ‘⁶
314 515 338 538 o
358 514 441 539 non
459 500 574 539 virile
592 501 730 546 robur,
750 514 774 539 o
793 500 936 539 molles
955 500 1122 538 manus!

271 568 396 593 unam
414 555 593 593 labantis
613 555 811 606 dissipare
830 561 918 594 tam
937 555 1008 593 diu

271 623 340 648 vos
360 623 442 648 non
461 615 627 661 potesse
647 609 845 648 fabricam
864 609 1114 662 corpusculi!

270 667 337 702 vix
356 667 439 702 iam
458 664 668 710 cohaeret,
686 677 764 702 nec
782 670 926 703 tamen
944 666 1110 715 penitus
1130 663 1254 710 cadit,

270 721 436 757 vincens
454 719 630 757 lacertos
650 719 918 758 dexterarum
936 721 1145 757 inertium.
1303 717 1380 758 805

321 776 441 812 citius
460 773 636 812 cadaver
655 773 850 812 dentibus
869 779 1045 825 carpunt
1063 785 1201 819 canes,

268 828 475 880 longeque
494 841 652 866 morsus
671 828 881 866 vulturum
901 828 1099 866 efficacior

270 883 323 921 ad
342 883 597 921 devorandas
617 885 748 921 carnis
767 882 866 921 offas
885 888 1087 921 mortuae.

269 937 475 989 languetis
494 937 638 976 inbelli
656 937 766 976 fame
787 951 833 975 ac
852 937 1055 982 fatiscitis,

268 992 367 1044 gula
387 998 451 1030 est
469 991 615 1038 ferina,
635 992 708 1030 sed
728 1006 861 1030 socors
882 989 1107 1030 edacitas.'’
1302 992 1380 1031 810

323 1049 477 1085 exarsit
494 1049 583 1085 istis
602 1047 770 1086 turbida
788 1049 848 1084 ira
866 1046 1010 1085 iudicis

269 1115 397 1152 seque
415 1104 458 1139 in
478 1114 713 1153 supremam
732 1104 913 1139 concitat
932 1103 1207 1139 sententiam:

269 1155 291 1169 ‘⁶
312 1159 345 1194 si
364 1162 408 1194 te
427 1170 635 1194 morarum
653 1159 858 1207 paenitet,
878 1155 1003 1194 finem
1021 1158 1151 1194 citum

268 1211 416 1249 subeas
434 1210 600 1249 licebit:
632 1211 796 1262 ignibus
816 1211 1014 1249 vorabere

267 1266 488 1304 damnatus
509 1271 553 1303 et
571 1264 711 1303 favilla
729 1268 811 1303 iam
830 1267 967 1303 tenuis
988 1262 1103 1303 fies.'’
1301 1265 1378 1305 815

320 1320 462 1358 abiens
482 1326 526 1358 at
544 1320 629 1366 ille,
648 1333 741 1358 cum
761 1319 849 1358 foro
869 1320 1106 1370 abriperent
1125 1321 1257 1357 virum

267 1380 404 1413 truces
423 1377 614 1420 ministri,
632 1388 740 1426 pone
759 1380 998 1426 respectans
1018 1376 1100 1412 ait:

268 1428 291 1442 ‘⁶
312 1429 475 1480 appello
496 1429 547 1467 ab
566 1431 660 1475 ista,
679 1428 851 1480 perfide,
871 1428 924 1467 ad
943 1428 1153 1467 Christum
1171 1440 1312 1466 meum

267 1483 530 1529 crudelitate,
549 1497 631 1522 non
650 1489 767 1522 metu
786 1485 929 1522 mortis
948 1488 1146 1528 tremens,
1432 1528 1436 1531 ἢ

267 1538 341 1577 sed
360 1544 408 1577 ut
426 1539 625 1590 probetur
644 1551 734 1576 esse
753 1538 811 1576 nil
830 1538 940 1589 quod
958 1535 1157 1576 iudicas.”
1299 1538 1378 1577 820

319 1592 343 1606 “
363 1593 463 1644 quid
479 1591 664 1639 differo,'’
680 1595 816 1644 inquit
830 1592 915 1638 ille,
932 1591 955 1605 ‘⁴
975 1597 1172 1643 utrosque
1187 1590 1378 1643 perdere,

267 1661 442 1699 puerum
460 1661 507 1686 ac
523 1650 782 1700 magistrum,
800 1647 1004 1698 conplices
1021 1652 1162 1685 sectae
1178 1645 1345 1698 inpiae?

266 1702 428 1754 gladius
446 1702 606 1741 recidat
624 1702 704 1740 vile
723 1704 791 1740 vix
809 1701 984 1740 hominis
1003 1706 1130 1753 caput

266 1756 451 1802 infantis,
470 1759 596 1796 istum
615 1755 782 1794 flamma
799 1756 951 1794 vindex
970 1760 1220 1802 concremet,

267 1814 320 1849 sit
339 1811 401 1849 his
421 1812 496 1849 sub
516 1825 598 1849 uno
618 1811 699 1849 fine
718 1811 856 1862 dispar
876 1808 1054 1849 exitus.’'
1298 1810 1375 1850 825
1431 1854 1438 1859 ,

318 1871 566 1917 perventum
586 1865 638 1904 ad
657 1868 792 1917 ipsum
811 1865 948 1903 caedis
966 1864 1190 1916 inplendae
1208 1863 1356 1902 locum.

266 1926 412 1959 natum
431 1921 606 1972 gerebat
625 1926 760 1959 mater
780 1919 973 1972 amplexu
993 1924 1038 1958 et
1055 1921 1161 1965 sinu,
