1456 2358
658 152 1021 194 PRUDENTIUS

229 261 442 298 viventum
460 262 671 306 meritum,
691 273 792 311 quos
811 264 979 299 tantum
997 272 1166 311 pascere
1185 261 1295 298 iussa
1313 263 1391 299 est.

229 322 356 358 servit
376 322 486 358 enim
504 320 697 366 mundus,
716 334 799 359 non
817 319 996 364 iudicat3
1029 319 1107 358 hoc
1125 319 1202 358 sibi
1221 333 1405 359 summus

229 385 403 418 naturae
424 380 627 418 Dominus
646 383 900 432 praescripta
917 382 962 418 in
979 385 1170 431 tempora
1188 385 1338 419 servat.

229 453 338 478 nunc
358 440 509 479 adsunt
527 439 683 479 homini
702 440 802 479 data
820 453 994 478 munera
1011 439 1172 492 legibus
1182 436 1323 479 ‘isdem

229 502 319 551 quis
339 513 532 538 concessa
551 500 703 539 semel:
737 499 826 539 fons
845 500 1030 552 liquitur,
1050 502 1181 538 amnis
1199 499 1390 547 inundat,

228 559 448 598 velivolum
466 561 624 599 ratibus
643 573 758 598 mare
778 560 961 606 finditur,
979 558 1116 599 influit
1133 560 1280 607 imber,
1373 562 1448 603 801

230 633 329 658 aura
348 620 460 659 volat
478 623 631 667 tenuis,
650 626 872 672 vegetatur
890 619 1052 659 mobilis
1072 624 1156 666 aer,

230 686 274 718 et
292 693 357 718 res
377 686 552 719 naturae
572 681 620 719 fit
637 680 803 733 publica
820 686 1098 732 promptaque
1117 682 1289 727 cunetis,

229 739 329 778 dum
348 746 515 779 servant
534 741 744 779 elementa
763 754 883 779 suum
902 739 1147 779 famulantia
1165 754 1342 780 cursum.

228 802 285 838 sic
304 801 455 852 probus
476 807 603 852 atque
622 814 717 839 reus
736 800 923 852 capitalis
943 802 1121 839 criminis
1139 800 1272 839 isdem
1373 803 1451 844 805

228 860 429 899 sideribus
449 860 661 913 facilisque
681 861 765 913 poli
783 861 972 899 bonitate
992 859 1197 900 fruuntur.
1452 863 1456 870 ’

228 923 365 959 vivere
385 934 603 959 commune
624 927 702 967 est,
722 921 796 960 sed
814 934 898 959 non
916 934 1134 960 commune
1153 923 1456 963 mereri..

228 980 408 1032 denique
421 981 644 1027 Romanus,
658 981 794 1027 Daha,
806 980 1009 1026 Sarmata,
1021 980 1246 1028 Vandalus,
1258 981 1456 1036 Hunnus„

229 1040 446 1087 Gaetulus,
466 1041 709 1087 Garamans,
728 1041 999 1087 Alamannus,
1017 1040 1140 1087 Saxo,
1159 1041 1348 1089 Galaula,

228 1115 310 1139 una
329 1115 471 1139 omnes
490 1102 736 1154 gradiuntur
754 1101 894 1147 humo,
914 1101 1075 1140 caelum
1102 1102 1292 1140 omnibus
1320 1100 1456 1142 unum

333 1167 411 1207 est,

228 1235 332 1260 unus
353 1227 396 1260 et
415 1235 607 1267 oceanus,
627 1227 814 1260 nostrum
833 1224 904 1273 qui
923 1224 1110 1260 continet
1129 1222 1285 1260 orbem.
1371 1223 1456 1270 811ss

227 1282 335 1320 addo
355 1282 488 1320 aliud:
523 1288 683 1320 nostros
702 1287 852 1333 potant
871 1282 1065 1320 animalia
1082 1281 1243 1327 fontes3
1452 1283 1456 1289 ”

224 1344 313 1393 ipso
332 1355 422 1380 rore
442 1342 542 1380 mihi
562 1355 681 1394 seges
702 1348 780 1388 est,
800 1355 881 1393 quo
900 1355 1073 1394 gramen
1093 1345 1271 1394 onagris,
1455 1379 1456 1382 ,

225 1415 374 1453 spurca
393 1405 474 1440 suis
494 1408 635 1440 nostro
655 1415 776 1440 amne
796 1407 931 1448 natat,
949 1407 1092 1440 nostra
1109 1404 1240 1441 intrat
1259 1408 1303 1442 et
1321 1405 1431 1455 ipsos
1451 1423 1456 1431 2

227 1475 327 1500 aura
345 1476 467 1500 canes
488 1464 729 1513 animatque
748 1462 828 1500 levi
848 1461 936 1500 fera
955 1475 1125 1513 corpora
1143 1461 1258 1502 flatu.
1370 1464 1456 1511 8153

226 1522 300 1560 sed
319 1528 485 1561 tantum
504 1522 662 1560 distant
682 1522 869 1560 Romana
889 1527 932 1560 et
950 1522 1140 1568 barbara,
1160 1528 1364 1574 quantum
1452 1517 1456 1524 ⁴

226 1583 461 1634 quadrupes
482 1583 677 1620 abiuneta
697 1588 761 1621 est
779 1582 921 1633 bipedi
939 1582 1005 1620 vel
1023 1588 1141 1621 muta
1158 1582 1368 1634 loquenti;
1449 1590 1456 1635 ’ᾗ

225 1648 392 1681 tantum
408 1642 424 1666 1
444 1645 571 1681 etiam
591 1645 662 1693 qui
680 1645 760 1681 rite
781 1643 862 1680 Dei
881 1648 1106 1694 praecepta
1124 1648 1368 1695 sequuntur,
1453 1636 1456 1646 ⁴

225 1703 402 1741 cultibus
423 1716 447 1740 a
466 1702 624 1741 stolidis
645 1708 688 1740 et
709 1716 850 1741 eorum
871 1703 1073 1740 erroribus
1093 1703 1256 1742 absunt.
1451 1748 1456 1755 ³

226 1777 307 1801 non
326 1761 427 1802 facit
446 1776 545 1814 ergo
563 1775 683 1814 pares
703 1765 745 1800 in
764 1762 962 1814 religione
982 1762 1166 1801 tenenda
1368 1765 1456 1808 8202]

226 1826 329 1862 aeris
351 1829 394 1861 et
413 1823 517 1861 caeli
535 1825 792 1867 communio3
825 1835 994 1874 corpora
1012 1828 1179 1861 tantum

1451 1315 1456 1340 l

1452 1350 1456 1359 .

363 1899 376 1919 ¹
399 1900 570 1941 Beryman
584 1899 682 1931 reads
698 1902 873 1940 quantum
888 1898 967 1930 with
979 1901 1067 1931 most
1081 1898 1120 1941 os
1129 1898 1184 1931 his
1199 1898 1308 1932 MSS.
1450 1861 1456 1951 Ξ

1447 1948 1456 2014 l

271 1995 393 2027 “This
417 2005 566 2037 appears
590 1998 628 2027 to
652 1994 695 2026 be
719 1994 780 2026 the
803 1994 880 2026 first
903 2005 1110 2027 occurrence
1133 1994 1174 2026 of
1193 1994 1254 2028 the
1277 2005 1382 2028 name
1404 1995 1456 2046 in

224 2040 418 2071 literature.
467 2039 621 2077 Orosius,
642 2038 720 2070 who
739 2042 848 2071 wrote
867 2038 903 2070 in
923 2038 984 2071 the
1003 2038 1101 2080 early
1119 2042 1201 2081 part
1224 2037 1266 2072 of
1298 2038 1360 2077 the
1377 2014 1456 2087 sthi

226 2087 384 2126 century,
399 2083 466 2115 but
478 2082 566 2115 later
579 2063 667 2115 th’an
680 2082 905 2121 Prudentius,
918 2082 1015 2126 gives
1028 2082 1187 2116 Galauleo
1199 2084 1253 2125 (or
1264 2082 1456 2147 &thuben

0 2137 126 2178 Εῑ-’θ
227 2142 273 2180 70
1446 2149 1456 2207 ᾗ

144 2176 208 2246 00
1449 2213 1456 2246 ’Τ

168 2330 205 2358 ΠΙ
1448 2333 1456 2358 1
