1456 2358
625 138 987 179 PRUDENTIUS

198 248 383 286 Christus
403 260 502 286 vasa
518 246 637 285 iubet
655 251 927 298 properanter
945 247 1114 297 aquaria
1131 243 1310 297 lymphis

196 303 366 354 inpleri3
399 302 496 340 inde
515 304 618 339 meri
636 303 788 339 veteris
806 299 1049 339 defunditur
1066 299 1190 338 unda.

532 439 734 477 XXXIII.
765 437 931 476 P1scmA
959 437 1079 476 Sum

250 512 487 550 morborum
504 510 710 549 medicina
727 510 857 555 latex,
876 523 1001 561 quem
1019 510 1185 560 spiritus
1203 507 1311 547 horis

200 572 363 605 eructat
381 568 501 604 variis
520 565 658 603 fusum
676 567 836 603 ratione
854 564 1028 609 latenti;
1339 563 1414 602 130

199 621 352 659 Siloam
370 623 568 666 vocitant,
587 622 718 671 sputis
737 620 807 657 ubi
825 618 979 657 conlita
996 620 1107 656 caeci

199 676 356 714 lumina
375 675 563 714 Salvator
581 677 699 712 iussit
718 674 770 712 de
791 673 907 712 fonte
926 673 1065 711 lavari.

507 815 700 854 XXXIV.
731 813 873 852 PAssm
903 814 1101 852 IOHANNIS

254 887 443 927 Praemia
461 887 650 926 saltatrix
668 889 801 938 poscit
819 885 1009 924 funebria
1026 887 1141 937 virgo

203 943 396 982 Iohannis
415 948 555 994 caput,
574 943 778 980 abscisum
796 940 907 992 quod
923 940 1041 978 lance
1059 944 1247 991 reportet

200 1001 384 1036 incestae
403 997 456 1036 ad
472 999 677 1050 gremium
693 998 836 1034 matris
850 1007 860 1040 ;
891 994 974 1033 fert
990 997 1106 1046 regia
1121 994 1277 1032 donum
1341 994 1415 1034 135

201 1053 372 1104 psaltria
390 1054 584 1103 respersis
604 1051 793 1089 manibus
812 1050 865 1088 de
884 1051 1085 1101 sanguine
1103 1051 1224 1087 iusto.

411 1198 581 1236 XXXV.
611 1196 700 1235 PER
729 1196 859 1234 ΜΑηΕ
886 1207 1078 1234 AMBULAT
1105 1194 1310 1234 Cums'rus

255 1271 296 1310 It
313 1284 426 1308 mare
444 1283 520 1321 per
536 1269 721 1307 medium
739 1268 942 1306 Dominus
958 1266 1192 1318 fluctusque
1208 1265 1417 1318 liquentes

202 1326 313 1364 calce
331 1331 471 1364 terens
490 1325 608 1363 iubet
625 1322 808 1362 instabili
826 1321 1079 1361 descendere
1097 1321 1247 1359 cumba

201 1379 461 1432 discipulum,
480 1379 554 1417 sed
570 1377 755 1416 mortalis
773 1377 998 1428 trepidatio
1015 1375 1179 1427 plantas

202 1437 377 1487 mergit;
410 1440 454 1472 at
470 1434 540 1472 ille
557 1446 726 1471 manum
743 1434 853 1484 regit
871 1437 915 1470 et
931 1433 1107 1483 vestigia
1124 1429 1274 1469 firmat.
1342 1429 1418 1470 140

394 1579 588 1618 XXXVI.
618 1579 801 1617 DAEMON
829 1589 968 1616 mssus
997 1589 1041 1615 IN
1069 1574 1225 1614 Poncos

253 1651 399 1691 Vincla
417 1650 634 1703 sepulcrali
653 1650 729 1688 sub
748 1662 910 1688 carcere
930 1647 1066 1687 ferrea
1083 1647 1261 1686 daemon

202 1707 409 1760 fregerat:
444 1708 624 1757 erumpit
641 1704 900 1756 pedibusque
920 1702 1151 1742 advolvitur
1170 1701 1278 1740 Iesu.

203 1767 268 1801 ast
285 1762 495 1801 hominem
514 1760 716 1799 Dominus
733 1759 811 1797 sibi
827 1757 1010 1796 vindicat
1027 1762 1072 1796 et
1087 1757 1206 1795 iubet
1221 1756 1385 1796 hostem

202 1830 419 1869 porcorum
437 1815 589 1853 furiare
608 1827 757 1867 greges
777 1826 824 1851 ac
842 1826 917 1864 per
935 1811 1045 1850 freta
1062 1813 1206 1863 mergi.

429 1968 445 1983 ‘²
467 1962 564 1996 John
579 1962 616 1995 ii.
908 1959 921 1980 Β
939 1959 1165 1993 Johnvand
1179 1959 1229 1992 ix.

427 2013 440 2072 Σ
461 2006 635 2085 ἒίίῐὲξὶὴεῗν
648 2006 722 2039 xiv.
908 2004 923 2026 ‘¹
946 2002 1119 2039 Matthew
1131 2003 1204 2038 xiv.

203 2115 275 2165 362
