1456 2358
567 105 932 146 PRUDENTIUS

136 210 414 250 inlecebrosus
435 214 546 250 enim
565 225 686 263 sapor
705 217 770 250 est
789 217 834 250 et
851 209 1025 262 pestifer
1042 210 1205 256 horum,

139 284 262 323 quae,
281 271 381 310 dum
396 277 681 323 praetereunt,
697 274 800 310 miro
815 271 1091 310 oblectamine
1105 275 1270 309 mentes
1286 270 1361 312 145

138 331 344 383 inplicitas
360 335 602 383 vinctasque
619 337 780 370 tenent.
824 331 1027 370 vincenda
1040 330 1246 383 voluptas,

140 391 400 443 elaqueanda
419 394 544 429 animi
562 394 809 437 constantia,
827 405 880 430 ne
898 390 1106 430 retinaclis

140 451 332 490 mollibus
352 465 399 489 ac
418 451 541 490 lentis
561 465 670 489 nexa
690 457 733 489 et
753 453 916 503 captiva
934 456 1160 503 prematur.

138 511 383 550 luctandum
402 514 571 550 summis
591 512 822 557 conatibus,
841 514 950 550 inter
969 511 1118 550 acerba

139 571 386 610 sectandum
405 574 568 610 virtutis
587 574 682 617 iter,
702 585 754 610 ne
774 574 915 610 suavia
933 571 1070 610 fluxae
1288 571 1364 611 150

140 632 389 670 condicionis
410 637 537 677 amet,
557 634 729 669 nimium
749 645 801 669 ne
822 637 1020 683 congerat
1039 644 1198 677 aurum,

140 704 194 730 ne
213 694 345 730 varios
364 691 549 743 lapidum
569 692 717 743 cupide
738 697 926 743 spectare
946 691 1100 730 colores

141 752 361 790 ambitiosa
379 752 494 798 velit,
514 765 567 790 ne
587 765 631 790 se
650 752 916 803 popularibus
936 754 1044 790 auris

141 817 328 850 ostentet
347 812 602 863 pulchroque
621 811 766 850 inflata
784 818 991 850 tumescat
1010 811 1179 857 honore,

141 884 194 910 ne
213 872 354 911 natale
374 872 520 918 solum,
539 875 664 923 patrii
682 885 735 910 ne
755 875 899 924 iugera
917 874 1019 910 ruris
1289 873 1364 912 155

140 932 291 970 tendat
311 938 355 970 et
375 938 569 970 externos
590 935 773 970 animum
792 931 997 971 diffundat
1014 935 1058 970 in
1077 945 1211 984 agros,

142 997 187 1030 et
205 1005 258 1030 ne
278 995 482 1043 corporeis
503 992 670 1031 addicat
689 993 875 1031 sensibus
895 1005 1017 1031 omne

142 1051 253 1104 quod
272 1052 361 1090 vult
381 1058 454 1091 aut
474 1053 585 1104 quod
605 1055 706 1104 agit,
726 1066 778 1090 ne
798 1051 1009 1104 praeferat
1028 1052 1130 1091 utile
1149 1055 1271 1099 iusto,

141 1125 342 1164 spemque
362 1115 405 1150 in
423 1126 491 1151 me
511 1126 678 1151 omnem
697 1118 858 1151 statuat
877 1126 1104 1164 numquam
1122 1114 1307 1164 peritura

142 1185 250 1224 quae
270 1172 439 1218 dedero,
458 1173 665 1224 longoque
685 1173 753 1211 die
773 1186 867 1211 mea
886 1173 995 1211 dona
1013 1170 1259 1212 trahenda.”

140 1231 245 1271 haec
263 1235 390 1285 igitur
410 1233 642 1284 spondente
663 1233 755 1271 Deo
776 1235 866 1284 quis
885 1232 1002 1272 fortis
1023 1239 1067 1272 et
1085 1245 1180 1271 acer
1290 1234 1372 1273 1611

141 1290 390 1344 virtutisque
410 1307 541 1344 capax
561 1294 686 1331 breve
707 1294 889 1345 quidque
908 1294 1159 1344 perennibus
1177 1295 1221 1332 in
1239 1306 1283 1331 se

140 1353 415 1404 praetulerit?
450 1353 515 1391 vel
535 1356 625 1404 quis
645 1356 808 1405 sapiens
828 1356 989 1405 potiora
1007 1356 1166 1405 putarit

141 1413 294 1464 gaudia
313 1414 593 1452 membrorum
613 1427 737 1465 quam
757 1417 873 1452 vivae
892 1416 1076 1466 praemia
1094 1413 1274 1452 mentis?
1289 1413 1363 1453 164

142 1486 279 1511 nonne
329 1473 540 1511 hominem
591 1487 638 1511 ac
689 1474 894 1525 pecudem
946 1473 1146 1512 distantia
1197 1478 1364 1525 separat

254 1547 350 1578 una,

142 1592 253 1644 quod
278 1594 387 1632 bona
413 1593 729 1645 quadrupedum
755 1600 854 1632 ante
880 1593 1018 1632 oculos
1043 1596 1124 1632 sita
1148 1598 1259 1640 sunt,
1285 1607 1364 1646 ego

247 1659 391 1691 contra

139 1725 261 1764 spero
281 1713 392 1764 quod
413 1719 532 1752 extra
552 1716 683 1752 aciem
701 1714 871 1766 longum
891 1720 1078 1752 servatur
1095 1716 1138 1752 in
1157 1713 1334 1752 aevum?

141 1786 239 1811 nam
258 1775 291 1811 si
311 1779 402 1812 tota
421 1774 521 1812 mihi
540 1787 635 1812 cum
653 1787 822 1826 corpore
842 1777 928 1813 vita
946 1775 1099 1826 peribit

141 1845 218 1871 nec
237 1835 393 1884 poterit
413 1847 628 1885 superesse
648 1847 789 1873 meum
807 1840 902 1886 post
921 1833 1067 1872 funera
1086 1834 1328 1886 quidquam,

142 1895 233 1944 quis
253 1893 353 1931 mihi
372 1900 568 1945 regnator
587 1894 704 1940 caeli,
724 1897 814 1946 quis
834 1894 1021 1933 conditor
1038 1895 1161 1940 orbis,
1288 1896 1363 1935 170

142 1954 233 2003 quis
252 1952 366 1991 Deus
385 1959 458 1991 aut
475 1967 581 2005 quae
599 1956 681 1992 iam
697 1957 846 1993 merito
862 1953 1089 1993 metuenda
1104 1953 1319 2006 potestas?

139 2013 209 2050 ibo
228 2026 302 2063 per
320 2015 486 2064 inpuros
506 2012 694 2052 fervente
712 2014 882 2053 libidine
901 2014 1035 2060 luxus,

148 2076 193 2112 18
