1456 2358
148 2101 215 2139 152

576 111 937 154 PRUDENTIUS

255 215 368 256 laeta
386 218 564 257 canebat
584 224 628 257 et
645 220 875 272 intrepida3

255 271 368 310 dirus
388 273 507 311 abest
526 273 642 312 dolor
661 287 713 312 ex
733 277 883 322 animo,

255 327 525 378 membraque
544 330 658 379 picta
675 342 818 368 cruore
837 343 943 369 novo

255 380 372 419 fonte
391 387 531 420 cutem
550 382 759 422 recalente
777 383 931 424 lavant.

309 435 456 475 ultima
474 437 708 476 carnificina
726 437 889 485 dehinc,

257 504 339 528 non
356 490 553 530 laceratio
572 492 776 539 vulnifica,

256 550 371 584 crate
390 550 513 584 tenus
531 559 609 585 nec
628 552 745 586 arata
762 550 883 595 cutis,

256 598 423 638 flamma
441 600 515 639 sed
534 601 717 653 undique
735 601 996 654 lampadibus

255 656 298 692 in
317 653 450 693 latera
468 655 810 708 stomachumque
830 656 942 696 furit.

307 711 427 747 crinis
447 709 663 750 odorusut
680 713 724 749 in
741 711 903 764 iugulos

255 762 433 802 fluxerat
451 764 671 804 involitans
690 768 856 812 umeris,

255 831 337 869 quo
355 818 599 869 pudibunda
616 820 817 871 pudicitia

255 874 546 925 virgineusque
564 873 717 914 lateret
735 874 878 922 honos,

254 929 442 978 tegmine
461 930 624 967 verticis
644 932 847 981 opposito,

306 981 474 1020 flamma
492 996 664 1034 crepans
683 983 795 1023 volat
813 987 856 1023 in
874 984 1023 1025 faciem

254 1049 411 1087 perque
431 1050 568 1076 comas
587 1044 786 1090 vegetata
804 1046 931 1091 caput

253 1097 428 1142 occupat
448 1098 754 1145 exsuperatque
774 1096 958 1146 apicem;

252 1148 367 1198 virgo
386 1148 515 1185 citum
534 1150 703 1199 cupiens
723 1149 884 1188 obitum

252 1202 416 1252 appetit
435 1207 479 1240 et
498 1201 604 1241 bibit
623 1216 692 1241 ore
711 1216 870 1256 rogum.

305 1257 456 1295 emicat
474 1256 571 1295 inde
591 1257 783 1296 columba
800 1271 949 1310 repens

251 1312 444 1362 martyris
463 1324 507 1349 os
527 1313 620 1350 nive
639 1312 852 1351 candidior

251 1366 338 1402 visa
355 1364 590 1416 relinquere
610 1371 654 1404 et
673 1372 784 1405 astra
802 1369 943 1420 sequi3

251 1420 417 1470 spiritus
435 1419 502 1458 hic
522 1425 612 1459 erat
631 1420 819 1460 Eulaliae

249 1472 464 1519 lacteolus,
483 1474 606 1520 celer,
624 1476 836 1516 innocuus.

302 1527 408 1566 colla
426 1526 562 1568 fluunt
580 1529 763 1569 abeunte
783 1533 921 1570 anima

251 1588 295 1620 et
313 1595 436 1634 rogus
455 1585 601 1635 igneus
621 1587 841 1630 emoritur3

251 1650 333 1687 pax
353 1637 478 1676 datur
496 1638 667 1677 artubus
687 1642 901 1686 exanimis,

250 1690 372 1730 flatus
391 1694 434 1730 in
454 1691 624 1731 aethere
643 1693 807 1744 plaudit
825 1708 950 1734 ovans

249 1745 491 1798 templaque
511 1747 621 1786 celsa
638 1750 747 1799 petit
766 1749 942 1788 volucer.

301 1800 405 1839 vidit
425 1807 469 1840 et
488 1803 575 1853 ipse
594 1802 762 1842 satelles
782 1816 901 1842 avem

250 1853 430 1893 feminae
451 1856 503 1894 ab
523 1869 592 1894 ore
611 1870 752 1896 meare
771 1857 923 1909 palam,

251 1908 564 1961 obstupefactus
584 1916 628 1949 et
647 1911 860 1951 adtonitus

250 1963 409 2013 prosilit
428 1969 473 2003 et
491 1977 566 2003 sua
582 1971 705 2018 gesta
722 1965 845 2019 fugit,

248 2016 367 2056 lictor
387 2024 430 2058 et
448 2021 537 2071 ipse
556 2018 665 2072 fugit
683 2021 868 2072 pavidus.

1289 386 1363 428 145

1291 661 1366 700 150

1289 934 1364 974 155

1235 1186 1415 1247 -160‘

1288 1481 1361 1520 165

1286 1753 1360 1792 170

1285 2026 1358 2066 175
