1456 2358
179 2118 251 2155 230

630 135 991 180 PRUDENTIUS

305 255 381 280 nec
401 244 433 280 si
452 245 590 282 recisis
609 244 789 296 palpitet
808 248 1027 286 meatibus.

356 304 412 340 sic
431 308 572 342 noster
590 303 764 343 haerens
784 318 918 345 sermo
936 306 1078 360 lingua
1097 308 1225 347 debili

304 361 486 401 balbutit
505 369 550 402 et
568 364 700 403 modis
720 364 882 405 laborat
901 367 1078 414 absonis,

303 422 377 460 sed
396 425 429 460 si
448 436 626 475 superno
645 438 736 463 rore
755 439 972 479 respergas
990 430 1104 466 iecur

303 488 348 521 et
366 483 540 534 spiritali
558 483 667 523 lacte
686 491 833 536 pectus
851 488 1019 540 inriges,

302 556 380 580 vox
399 544 607 595 inpeditos
626 559 751 584 rauca
768 546 928 586 laxabit
946 561 1079 587 sonOS.

354 604 612 656 evangelista
629 608 791 658 scripsit
809 609 945 658 ipsum
963 608 1067 647 talia

300 670 526 715 praecepta
546 664 731 704 Messian
750 666 914 706 dedisse
934 669 1153 720 apostolis:
1231 720 1234 721 ⁷

301 723 324 736 “
344 723 473 762 nolite
492 726 633 772 verba,
652 740 747 764 cum
765 734 1072 768 sacramentum
1089 743 1231 769 meum

301 786 380 823 erit
398 785 646 832 canendum,
665 788 932 838 providenter
951 802 1175 840 quaerere;

300 857 378 896 ego
396 847 595 897 inparatis
615 854 723 898 quae
741 847 966 900 loquantur
983 850 1248 903 suggeram.''

350 919 441 944 sum
460 912 600 945 mutus
619 909 722 958 ipse,
741 909 816 947 sed
834 915 983 961 potens
1002 909 1222 951 facundiae

297 979 391 1003 mea
409 966 552 1019 lingua
570 967 756 1007 Christus
774 969 986 1009 luculente
1005 971 1194 1011 disseret.

296 1027 384 1076 ipse
405 1027 630 1078 explicabit
649 1042 751 1080 quos
771 1043 963 1081 supremo
982 1033 1129 1083 spiritu

296 1085 474 1124 daemon
493 1088 712 1134 tumultus,
731 1089 831 1127 dum
850 1090 1058 1137 domatur,
1076 1095 1266 1140 moverit,

296 1145 432 1184 furore
451 1150 581 1198 pestis
600 1151 716 1200 peior
734 1152 777 1187 in
796 1153 1027 1190 novissimo.

347 1208 403 1244 sic
422 1207 661 1247 vulneratus
682 1212 826 1262 anguis
845 1213 931 1249 ictu
950 1212 1095 1263 spiculi

295 1265 449 1305 ferrum
467 1269 678 1307 remordet
698 1276 741 1308 et
760 1270 902 1310 dolore
922 1274 1081 1310 saevior

293 1327 525 1378 quassando
543 1332 692 1380 pressis
711 1332 938 1369 inmoratur
957 1332 1165 1379 dentibus,

292 1386 441 1426 hastile
461 1388 590 1426 fixum
609 1389 683 1428 sed
701 1397 845 1429 manet
863 1391 1107 1443 profundius

291 1460 368 1486 nee
387 1462 502 1486 cassa
520 1451 650 1488 sentit
668 1464 879 1489 morsuum
897 1452 1092 1503 pericula.

344 1507 533 1547 Galerius
552 1510 660 1548 orbis
680 1509 788 1549 forte
809 1511 1020 1551 Romanae
1039 1519 1197 1552 statum

290 1567 438 1607 ductor
455 1570 645 1621 regebat,
664 1576 712 1609 ut
731 1570 861 1610 refert
880 1575 1122 1624 antiquitas,

288 1630 458 1674 inmitis,
478 1635 611 1676 atrox,
632 1644 765 1682 asper,
783 1632 1052 1684 inplacabilis.

289 1688 428 1727 edicta
444 1689 530 1728 late
549 1691 752 1730 mundum
769 1694 813 1730 in
831 1706 998 1732 omnem
1016 1696 1200 1741 miserat,

288 1748 498 1788 Christum
517 1757 692 1803 negaret
711 1754 886 1805 quisque
904 1753 1050 1793 mallet
1068 1757 1218 1794 vivere.

338 1809 442 1848 haee
459 1810 529 1849 ille
549 1824 717 1863 serpens
737 1826 807 1851 ore
826 1813 960 1852 dictat
977 1817 1107 1867 regio,

287 1872 358 1921 qui
375 1877 632 1910 mortuorum
652 1872 704 1911 de
723 1873 920 1925 sepulcris
941 1877 1082 1914 exiens

285 1929 460 1969 elamat:
495 1930 518 1944 ‘⁴
538 1931 638 1982 quid
657 1938 756 1971 ante
775 1939 941 1985 tempus
962 1934 1144 1974 adventu
1163 1937 1246 1974 cito

549 2022 564 2037 ¹²
588 2017 641 2060 Cf.
658 2018 831 2052 Matthew
847 2030 882 2058 x,
901 2021 1024 2054 18-20.

546 2061 559 2081 ὁ
583 2061 646 2095 See
663 2066 747 2095 note
763 2074 808 2096 on
827 2064 908 2102 VII,
926 2065 959 2097 6.

1369 253 1417 292 10

1365 554 1413 594 15

1359 855 1411 895 20

1357 1156 1406 1196 25

1347 1758 1398 1798 35
