<?xml version="1.0" encoding="UTF-8"?>
<!DOCTYPE html PUBLIC "-//W3C//DTD XHTML 1.0 Transitional//EN"
    "http://www.w3.org/TR/xhtml1/DTD/xhtml1-transitional.dtd">
<html xmlns="http://www.w3.org/1999/xhtml" xml:lang="en" lang="en">
 <head>
  <title>
</title>
<meta http-equiv="Content-Type" content="text/html;charset=utf-8" />
  <meta name='ocr-system' content='tesseract 3.04.00' />
  <meta name='ocr-capabilities' content='ocr_page ocr_carea ocr_par ocr_line ocrx_word'/>
</head>
<body>
  <div class='ocr_page' id='page_1' title='image "./prudentius00pruduoft/prudentius00pruduoft_0092.png"; bbox 0 0 1456 2358; ppageno 0'>
   <div class='ocr_carea' id='block_1_1' title="bbox 602 138 964 180">
    <p class='ocr_par' dir='ltr' id='par_1_1' title="bbox 602 138 964 180">
     <span class='ocr_line' id='line_1_1' title="bbox 602 138 964 180; baseline 0.006 -2"><span class='ocrx_word' id='word_1_1' title='bbox 602 138 964 180; x_wconf 88' lang='lat' dir='ltr'><strong>PRUDENTIUS</strong></span> 
     </span>
    </p>
   </div>
   <div class='ocr_carea' id='block_1_2' title="bbox 163 243 1389 1174">
    <p class='ocr_par' dir='ltr' id='par_1_2' title="bbox 171 243 1203 352">
     <span class='ocr_line' id='line_1_2' title="bbox 171 243 1203 298; baseline 0.004 -17"><span class='ocrx_word' id='word_1_2' title='bbox 171 243 372 282; x_wconf 90' lang='lat' dir='ltr'>invidiosa</span> <span class='ocrx_word' id='word_1_3' title='bbox 390 243 535 290; x_wconf 84' lang='lat' dir='ltr'>fames,</span> <span class='ocrx_word' id='word_1_4' title='bbox 555 258 681 296; x_wconf 89' lang='lat' dir='ltr'>quam</span> <span class='ocrx_word' id='word_1_5' title='bbox 699 245 940 297; x_wconf 83' lang='lat' dir='ltr'>Triptolemi</span> <span class='ocrx_word' id='word_1_6' title='bbox 960 245 1203 298; x_wconf 85' lang='lat' dir='ltr'>Cererisque</span> 
     </span>
     <span class='ocr_line' id='line_1_3' title="bbox 173 301 1100 352; baseline 0.004 -16"><span class='ocrx_word' id='word_1_7' title='bbox 173 301 348 338; x_wconf 88' lang='lat' dir='ltr'>moverit</span> <span class='ocrx_word' id='word_1_8' title='bbox 366 302 427 337; x_wconf 91' lang='lat' dir='ltr'>ira</span> <span class='ocrx_word' id='word_1_9' title='bbox 444 313 556 351; x_wconf 91' lang='lat' dir='ltr'>penu</span> <span class='ocrx_word' id='word_1_10' title='bbox 574 313 649 351; x_wconf 90' lang='lat' dir='ltr'>pro</span> <span class='ocrx_word' id='word_1_11' title='bbox 668 303 833 352; x_wconf 89' lang='lat' dir='ltr'>virginis</span> <span class='ocrx_word' id='word_1_12' title='bbox 853 301 1100 347; x_wconf 90' lang='lat' dir='ltr'>ulciscendo,</span> 
     </span>
    </p>

    <p class='ocr_par' dir='ltr' id='par_1_3' title="bbox 172 354 1244 407">
     <span class='ocr_line' id='line_1_4' title="bbox 172 354 1244 407; baseline 0.004 -16"><span class='ocrx_word' id='word_1_13' title='bbox 172 366 255 391; x_wconf 93' lang='lat' dir='ltr'>non</span> <span class='ocrx_word' id='word_1_14' title='bbox 274 356 443 392; x_wconf 90' lang='lat' dir='ltr'>memini</span> <span class='ocrx_word' id='word_1_15' title='bbox 462 367 539 392; x_wconf 92' lang='lat' dir='ltr'>nec</span> <span class='ocrx_word' id='word_1_16' title='bbox 557 355 642 393; x_wconf 88' lang='lat' dir='ltr'>tale</span> <span class='ocrx_word' id='word_1_17' title='bbox 662 354 817 407; x_wconf 89' lang='lat' dir='ltr'>aliquid</span> <span class='ocrx_word' id='word_1_18' title='bbox 835 355 900 394; x_wconf 92' lang='lat' dir='ltr'>vel</span> <span class='ocrx_word' id='word_1_19' title='bbox 919 354 1031 394; x_wconf 84' lang='lat' dir='ltr'>fama</span> <span class='ocrx_word' id='word_1_20' title='bbox 1049 361 1244 395; x_wconf 86' lang='lat' dir='ltr'><strong>susurrat.</strong></span> 
     </span>
    </p>

    <p class='ocr_par' dir='ltr' id='par_1_4' title="bbox 171 407 1387 517">
     <span class='ocr_line' id='line_1_5' title="bbox 172 407 1387 463; baseline 0.006 -18"><span class='ocrx_word' id='word_1_21' title='bbox 172 407 294 446; x_wconf 89' lang='lat' dir='ltr'>audio</span> <span class='ocrx_word' id='word_1_22' title='bbox 313 422 388 460; x_wconf 91' lang='lat' dir='ltr'>per</span> <span class='ocrx_word' id='word_1_23' title='bbox 407 407 574 447; x_wconf 88' lang='lat' dir='ltr'>Pharios</span> <span class='ocrx_word' id='word_1_24' title='bbox 595 409 735 448; x_wconf 93' lang='lat' dir='ltr'>Nilum</span> <span class='ocrx_word' id='word_1_25' title='bbox 753 410 979 449; x_wconf 89' lang='lat' dir='ltr'>discurrere</span> <span class='ocrx_word' id='word_1_26' title='bbox 998 424 1164 463; x_wconf 90' lang='lat' dir='ltr'>campos</span> <span class='ocrx_word' id='word_1_27' title='bbox 1180 435 1188 443; x_wconf 48' lang='grc' dir='ltr'><em>ν</em></span> <span class='ocrx_word' id='word_1_28' title='bbox 1313 412 1387 452; x_wconf 86' lang='grc'>921</span> 
     </span>
     <span class='ocr_line' id='line_1_6' title="bbox 171 464 1131 517; baseline 0.004 -17"><span class='ocrx_word' id='word_1_29' title='bbox 171 475 285 501; x_wconf 89' lang='lat' dir='ltr'>more</span> <span class='ocrx_word' id='word_1_30' title='bbox 305 477 378 501; x_wconf 95' lang='lat' dir='ltr'>suo</span> <span class='ocrx_word' id='word_1_31' title='bbox 397 464 618 516; x_wconf 89' lang='lat' dir='ltr'>viridisque</span> <span class='ocrx_word' id='word_1_32' title='bbox 638 470 729 503; x_wconf 89' lang='lat' dir='ltr'>sata</span> <span class='ocrx_word' id='word_1_33' title='bbox 747 470 941 517; x_wconf 82' lang='lat' dir='ltr'>stagnare</span> <span class='ocrx_word' id='word_1_34' title='bbox 961 465 1131 517; x_wconf 86' lang='lat' dir='ltr'><strong>Canopi.</strong></span> 
     </span>
    </p>

    <p class='ocr_par' dir='ltr' id='par_1_5' title="bbox 171 518 1150 570">
     <span class='ocr_line' id='line_1_7' title="bbox 171 518 1150 570; baseline 0.004 -15"><span class='ocrx_word' id='word_1_35' title='bbox 171 523 245 555; x_wconf 88' lang='lat' dir='ltr'>aut</span> <span class='ocrx_word' id='word_1_36' title='bbox 263 521 403 557; x_wconf 88' lang='lat' dir='ltr'>veniat</span> <span class='ocrx_word' id='word_1_37' title='bbox 422 521 528 557; x_wconf 90' lang='lat' dir='ltr'>sicco</span> <span class='ocrx_word' id='word_1_38' title='bbox 547 521 618 570; x_wconf 95' lang='lat' dir='ltr'>qui</span> <span class='ocrx_word' id='word_1_39' title='bbox 636 518 805 558; x_wconf 90' lang='lat' dir='ltr'>flumine</span> <span class='ocrx_word' id='word_1_40' title='bbox 824 522 993 558; x_wconf 88' lang='lat' dir='ltr'>nuntius</span> <span class='ocrx_word' id='word_1_41' title='bbox 1013 519 1150 559; x_wconf 82' lang='lat' dir='ltr'>adfert</span> 
     </span>
    </p>

    <p class='ocr_par' dir='ltr' id='par_1_6' title="bbox 169 573 1192 626">
     <span class='ocr_line' id='line_1_8' title="bbox 169 573 1192 626; baseline 0.004 -17"><span class='ocrx_word' id='word_1_42' title='bbox 169 574 351 611; x_wconf 90' lang='lat' dir='ltr'>ieiunam</span> <span class='ocrx_word' id='word_1_43' title='bbox 370 573 559 624; x_wconf 86' lang='lat' dir='ltr'>squalere</span> <span class='ocrx_word' id='word_1_44' title='bbox 579 576 647 612; x_wconf 88' lang='lat' dir='ltr'>siti</span> <span class='ocrx_word' id='word_1_45' title='bbox 666 575 742 612; x_wconf 93' lang='lat' dir='ltr'>sub</span> <span class='ocrx_word' id='word_1_46' title='bbox 760 574 930 625; x_wconf 91' lang='lat' dir='ltr'>pulvere</span> <span class='ocrx_word' id='word_1_47' title='bbox 951 574 1192 626; x_wconf 72' lang='lat' dir='ltr'>Memphim,</span> 
     </span>
    </p>

    <p class='ocr_par' dir='ltr' id='par_1_7' title="bbox 169 625 1389 736">
     <span class='ocr_line' id='line_1_9' title="bbox 169 625 1389 681; baseline 0.006 -17"><span class='ocrx_word' id='word_1_48' title='bbox 169 639 246 665; x_wconf 89' lang='lat' dir='ltr'>nec</span> <span class='ocrx_word' id='word_1_49' title='bbox 266 625 503 666; x_wconf 84' lang='lat' dir='ltr'>Pelusiacae</span> <span class='ocrx_word' id='word_1_50' title='bbox 522 628 667 667; x_wconf 90' lang='lat' dir='ltr'>limum</span> <span class='ocrx_word' id='word_1_51' title='bbox 685 629 833 667; x_wconf 92' lang='lat' dir='ltr'>sudare</span> <span class='ocrx_word' id='word_1_52' title='bbox 852 629 1026 681; x_wconf 88' lang='lat' dir='ltr'>paludis.</span> <span class='ocrx_word' id='word_1_53' title='bbox 1312 631 1389 671; x_wconf 82' lang='lat'>925</span> 
     </span>
     <span class='ocr_line' id='line_1_10' title="bbox 169 681 1062 736; baseline 0.004 -17"><span class='ocrx_word' id='word_1_54' title='bbox 169 695 269 719; x_wconf 90' lang='lat' dir='ltr'>num</span> <span class='ocrx_word' id='word_1_55' title='bbox 288 681 378 721; x_wconf 88' lang='lat' dir='ltr'>fons</span> <span class='ocrx_word' id='word_1_56' title='bbox 399 696 547 722; x_wconf 88' lang='lat' dir='ltr'>arcano</span> <span class='ocrx_word' id='word_1_57' title='bbox 566 689 740 722; x_wconf 88' lang='lat' dir='ltr'>naturae</span> <span class='ocrx_word' id='word_1_58' title='bbox 760 690 897 723; x_wconf 87' lang='lat' dir='ltr'>tectus</span> <span class='ocrx_word' id='word_1_59' title='bbox 916 690 1062 736; x_wconf 86' lang='lat' dir='ltr'>operto</span> 
     </span>
    </p>

    <p class='ocr_par' dir='ltr' id='par_1_8' title="bbox 169 738 1153 791">
     <span class='ocr_line' id='line_1_11' title="bbox 169 738 1153 791; baseline 0.003 -17"><span class='ocrx_word' id='word_1_60' title='bbox 169 739 291 782; x_wconf 91' lang='lat' dir='ltr'>aruit,</span> <span class='ocrx_word' id='word_1_61' title='bbox 312 743 356 775; x_wconf 87' lang='lat' dir='ltr'>et</span> <span class='ocrx_word' id='word_1_62' title='bbox 374 743 547 776; x_wconf 86' lang='lat' dir='ltr'>tenuem</span> <span class='ocrx_word' id='word_1_63' title='bbox 565 741 633 776; x_wconf 88' lang='lat' dir='ltr'>vix</span> <span class='ocrx_word' id='word_1_64' title='bbox 652 738 782 777; x_wconf 88' lang='lat' dir='ltr'>stillat</span> <span class='ocrx_word' id='word_1_65' title='bbox 800 752 906 778; x_wconf 89' lang='lat' dir='ltr'>vena</span> <span class='ocrx_word' id='word_1_66' title='bbox 923 739 1153 791; x_wconf 88' lang='lat' dir='ltr'>liquorem?</span> 
     </span>
    </p>

    <p class='ocr_par' dir='ltr' id='par_1_9' title="bbox 168 791 1194 846">
     <span class='ocr_line' id='line_1_12' title="bbox 168 791 1194 846; baseline 0.003 -17"><span class='ocrx_word' id='word_1_67' title='bbox 168 804 268 829; x_wconf 90' lang='lat' dir='ltr'>num</span> <span class='ocrx_word' id='word_1_68' title='bbox 287 791 455 844; x_wconf 89' lang='lat' dir='ltr'>refugus</span> <span class='ocrx_word' id='word_1_69' title='bbox 476 798 635 831; x_wconf 84' lang='lat' dir='ltr'>nostras</span> <span class='ocrx_word' id='word_1_70' title='bbox 655 793 744 832; x_wconf 89' lang='lat' dir='ltr'>odit</span> <span class='ocrx_word' id='word_1_71' title='bbox 761 796 1066 846; x_wconf 82' lang='lat' dir='ltr'>praestringere</span> <span class='ocrx_word' id='word_1_72' title='bbox 1085 796 1194 846; x_wconf 87' lang='lat' dir='ltr'>ripas</span> 
     </span>
    </p>

    <p class='ocr_par' dir='ltr' id='par_1_10' title="bbox 167 847 1387 1009">
     <span class='ocr_line' id='line_1_13' title="bbox 168 847 1381 899; baseline 0.002 -15"><span class='ocrx_word' id='word_1_73' title='bbox 168 849 299 885; x_wconf 89' lang='lat' dir='ltr'>amnis</span> <span class='ocrx_word' id='word_1_74' title='bbox 320 852 363 885; x_wconf 86' lang='lat' dir='ltr'>et</span> <span class='ocrx_word' id='word_1_75' title='bbox 383 853 550 886; x_wconf 87' lang='lat' dir='ltr'>exustos</span> <span class='ocrx_word' id='word_1_76' title='bbox 569 862 733 886; x_wconf 87' lang='lat' dir='ltr'>cursum</span> <span class='ocrx_word' id='word_1_77' title='bbox 752 847 939 887; x_wconf 87' lang='lat' dir='ltr'>deflectit</span> <span class='ocrx_word' id='word_1_78' title='bbox 958 849 1011 887; x_wconf 91' lang='lat' dir='ltr'>ad</span> <span class='ocrx_word' id='word_1_79' title='bbox 1031 848 1183 887; x_wconf 89' lang='lat' dir='ltr'>Indos?</span> <span class='ocrx_word' id='word_1_80' title='bbox 1377 895 1381 899; x_wconf 19' lang='lat' dir='ltr'><strong><em>V</em></strong></span> 
     </span>
     <span class='ocr_line' id='line_1_14' title="bbox 167 903 1387 945; baseline 0.004 -6"><span class='ocrx_word' id='word_1_81' title='bbox 167 915 267 939; x_wconf 90' lang='lat' dir='ltr'>num</span> <span class='ocrx_word' id='word_1_82' title='bbox 286 908 423 941; x_wconf 89' lang='lat' dir='ltr'>tractu</span> <span class='ocrx_word' id='word_1_83' title='bbox 442 905 485 940; x_wconf 93' lang='lat' dir='ltr'>in</span> <span class='ocrx_word' id='word_1_84' title='bbox 503 903 641 942; x_wconf 92' lang='lat' dir='ltr'>medio</span> <span class='ocrx_word' id='word_1_85' title='bbox 660 903 823 942; x_wconf 92' lang='lat' dir='ltr'>bibulus</span> <span class='ocrx_word' id='word_1_86' title='bbox 842 909 959 942; x_wconf 88' lang='lat' dir='ltr'>vorat</span> <span class='ocrx_word' id='word_1_87' title='bbox 978 903 1118 942; x_wconf 89' lang='lat' dir='ltr'>alveus</span> <span class='ocrx_word' id='word_1_88' title='bbox 1138 903 1292 943; x_wconf 84' lang='lat' dir='ltr'>undam</span> <span class='ocrx_word' id='word_1_89' title='bbox 1311 905 1387 945; x_wconf 86' lang='lat'>930</span> 
     </span>
     <span class='ocr_line' id='line_1_15' title="bbox 167 955 1176 1009; baseline 0.004 -16"><span class='ocrx_word' id='word_1_90' title='bbox 167 955 344 995; x_wconf 89' lang='lat' dir='ltr'>fluminis</span> <span class='ocrx_word' id='word_1_91' title='bbox 365 963 409 995; x_wconf 90' lang='lat' dir='ltr'>et</span> <span class='ocrx_word' id='word_1_92' title='bbox 428 958 566 996; x_wconf 91' lang='lat' dir='ltr'>subito</span> <span class='ocrx_word' id='word_1_93' title='bbox 584 964 734 1009; x_wconf 89' lang='lat' dir='ltr'>stagna</span> <span class='ocrx_word' id='word_1_94' title='bbox 753 958 1026 997; x_wconf 89' lang='lat' dir='ltr'>absorbentur</span> <span class='ocrx_word' id='word_1_95' title='bbox 1043 958 1176 1005; x_wconf 88' lang='lat' dir='ltr'>hiatu,</span> 
     </span>
    </p>

    <p class='ocr_par' dir='ltr' id='par_1_11' title="bbox 165 1011 1118 1065">
     <span class='ocr_line' id='line_1_16' title="bbox 165 1011 1118 1065; baseline 0.002 -16"><span class='ocrx_word' id='word_1_96' title='bbox 165 1024 219 1049; x_wconf 86' lang='lat' dir='ltr'>ne</span> <span class='ocrx_word' id='word_1_97' title='bbox 238 1011 370 1050; x_wconf 92' lang='lat' dir='ltr'>sulcos</span> <span class='ocrx_word' id='word_1_98' title='bbox 389 1015 549 1064; x_wconf 91' lang='lat' dir='ltr'>operire</span> <span class='ocrx_word' id='word_1_99' title='bbox 569 1013 683 1051; x_wconf 87' lang='lat' dir='ltr'>vadis</span> <span class='ocrx_word' id='word_1_100' title='bbox 702 1026 807 1051; x_wconf 92' lang='lat' dir='ltr'>neve</span> <span class='ocrx_word' id='word_1_101' title='bbox 827 1013 942 1051; x_wconf 88' lang='lat' dir='ltr'>arida</span> <span class='ocrx_word' id='word_1_102' title='bbox 959 1015 1118 1065; x_wconf 87' lang='lat' dir='ltr'>possint</span> 
     </span>
    </p>

    <p class='ocr_par' dir='ltr' id='par_1_12' title="bbox 165 1065 1162 1120">
     <span class='ocr_line' id='line_1_17' title="bbox 165 1065 1162 1120; baseline 0.003 -17"><span class='ocrx_word' id='word_1_103' title='bbox 165 1065 352 1119; x_wconf 87' lang='lat' dir='ltr'>Aegypti</span> <span class='ocrx_word' id='word_1_104' title='bbox 371 1080 446 1118; x_wconf 87' lang='lat' dir='ltr'>per</span> <span class='ocrx_word' id='word_1_105' title='bbox 463 1067 588 1119; x_wconf 90' lang='lat' dir='ltr'>plana</span> <span class='ocrx_word' id='word_1_106' title='bbox 606 1067 715 1106; x_wconf 90' lang='lat' dir='ltr'>trahi</span> <span class='ocrx_word' id='word_1_107' title='bbox 733 1067 960 1120; x_wconf 89' lang='lat' dir='ltr'>glebasque</span> <span class='ocrx_word' id='word_1_108' title='bbox 979 1070 1162 1120; x_wconf 88' lang='lat' dir='ltr'>rigentes</span> 
     </span>
    </p>

    <p class='ocr_par' dir='ltr' id='par_1_13' title="bbox 163 1119 1084 1174">
     <span class='ocr_line' id='line_1_18' title="bbox 163 1119 1084 1174; baseline 0.003 -16"><span class='ocrx_word' id='word_1_109' title='bbox 163 1119 307 1159; x_wconf 88' lang='lat' dir='ltr'>infusis</span> <span class='ocrx_word' id='word_1_110' title='bbox 328 1122 381 1160; x_wconf 91' lang='lat' dir='ltr'>ad</span> <span class='ocrx_word' id='word_1_111' title='bbox 398 1124 554 1174; x_wconf 91' lang='lat' dir='ltr'>pingue</span> <span class='ocrx_word' id='word_1_112' title='bbox 573 1122 708 1161; x_wconf 84' lang='lat' dir='ltr'>lutum</span> <span class='ocrx_word' id='word_1_113' title='bbox 726 1123 885 1161; x_wconf 89' lang='lat' dir='ltr'>mollire</span> <span class='ocrx_word' id='word_1_114' title='bbox 904 1122 1084 1169; x_wconf 91' lang='lat' dir='ltr'>fluentis,</span> 
     </span>
    </p>
   </div>
   <div class='ocr_carea' id='block_1_3' title="bbox 165 1175 1456 1230">
    <p class='ocr_par' dir='ltr' id='par_1_14' title="bbox 165 1175 1456 1230">
     <span class='ocr_line' id='line_1_19' title="bbox 165 1175 1456 1230; baseline 0.004 -16"><span class='ocrx_word' id='word_1_115' title='bbox 165 1175 275 1214; x_wconf 91' lang='lat' dir='ltr'>unde</span> <span class='ocrx_word' id='word_1_116' title='bbox 295 1190 415 1228; x_wconf 89' lang='lat' dir='ltr'>seges</span> <span class='ocrx_word' id='word_1_117' title='bbox 434 1177 519 1215; x_wconf 84' lang='lat' dir='ltr'>late</span> <span class='ocrx_word' id='word_1_118' title='bbox 539 1179 693 1216; x_wconf 90' lang='lat' dir='ltr'>crinitis</span> <span class='ocrx_word' id='word_1_119' title='bbox 713 1177 888 1216; x_wconf 87' lang='lat' dir='ltr'>fluctuet</span> <span class='ocrx_word' id='word_1_120' title='bbox 907 1180 1029 1230; x_wconf 86' lang='lat' dir='ltr'>agris,</span> <span class='ocrx_word' id='word_1_121' title='bbox 1308 1179 1384 1219; x_wconf 85' lang='lat'>935</span> <span class='ocrx_word' id='word_1_122' title='bbox 1451 1217 1456 1219; x_wconf 69' lang='grc'><strong>,</strong></span> 
     </span>
    </p>
   </div>
   <div class='ocr_carea' id='block_1_4' title="bbox 162 1230 1384 1558">
    <p class='ocr_par' dir='ltr' id='par_1_15' title="bbox 164 1230 1181 1284">
     <span class='ocr_line' id='line_1_20' title="bbox 164 1230 1181 1284; baseline 0.003 -16"><span class='ocrx_word' id='word_1_123' title='bbox 164 1230 330 1270; x_wconf 90' lang='lat' dir='ltr'>densius</span> <span class='ocrx_word' id='word_1_124' title='bbox 351 1237 394 1270; x_wconf 90' lang='lat' dir='ltr'>et</span> <span class='ocrx_word' id='word_1_125' title='bbox 412 1232 591 1283; x_wconf 86' lang='lat' dir='ltr'>gravidis</span> <span class='ocrx_word' id='word_1_126' title='bbox 611 1245 655 1270; x_wconf 92' lang='lat' dir='ltr'>se</span> <span class='ocrx_word' id='word_1_127' title='bbox 674 1235 826 1271; x_wconf 90' lang='lat' dir='ltr'>vestiat</span> <span class='ocrx_word' id='word_1_128' title='bbox 846 1246 1000 1284; x_wconf 90' lang='lat' dir='ltr'>aequor</span> <span class='ocrx_word' id='word_1_129' title='bbox 1019 1232 1181 1271; x_wconf 86' lang='lat' dir='ltr'>aristis?</span> 
     </span>
    </p>

    <p class='ocr_par' dir='ltr' id='par_1_16' title="bbox 163 1286 1093 1339">
     <span class='ocr_line' id='line_1_21' title="bbox 163 1286 1093 1339; baseline 0.002 -16"><span class='ocrx_word' id='word_1_130' title='bbox 163 1288 336 1337; x_wconf 90' lang='lat' dir='ltr'>respice,</span> <span class='ocrx_word' id='word_1_131' title='bbox 355 1300 455 1325; x_wconf 89' lang='lat' dir='ltr'>num</span> <span class='ocrx_word' id='word_1_132' title='bbox 476 1286 621 1339; x_wconf 88' lang='lat' dir='ltr'>Libyci</span> <span class='ocrx_word' id='word_1_133' title='bbox 640 1287 815 1326; x_wconf 87' lang='lat' dir='ltr'>desistat</span> <span class='ocrx_word' id='word_1_134' title='bbox 833 1290 935 1325; x_wconf 92' lang='lat' dir='ltr'>ruris</span> <span class='ocrx_word' id='word_1_135' title='bbox 956 1293 1093 1326; x_wconf 87' lang='lat' dir='ltr'>arator</span> 
     </span>
    </p>

    <p class='ocr_par' dir='ltr' id='par_1_17' title="bbox 163 1338 1158 1394">
     <span class='ocr_line' id='line_1_22' title="bbox 163 1338 1158 1394; baseline 0.002 -16"><span class='ocrx_word' id='word_1_136' title='bbox 163 1338 382 1380; x_wconf 89' lang='lat' dir='ltr'>frumentis</span> <span class='ocrx_word' id='word_1_137' title='bbox 401 1355 573 1380; x_wconf 88' lang='lat' dir='ltr'>onerare</span> <span class='ocrx_word' id='word_1_138' title='bbox 592 1347 703 1380; x_wconf 86' lang='lat' dir='ltr'>rates</span> <span class='ocrx_word' id='word_1_139' title='bbox 724 1347 768 1380; x_wconf 89' lang='lat' dir='ltr'>et</span> <span class='ocrx_word' id='word_1_140' title='bbox 787 1342 841 1380; x_wconf 91' lang='lat' dir='ltr'>ad</span> <span class='ocrx_word' id='word_1_141' title='bbox 859 1344 965 1380; x_wconf 90' lang='lat' dir='ltr'>ostia</span> <span class='ocrx_word' id='word_1_142' title='bbox 982 1341 1158 1394; x_wconf 88' lang='lat' dir='ltr'>Thybris</span> 
     </span>
    </p>

    <p class='ocr_par' dir='ltr' id='par_1_18' title="bbox 162 1396 1132 1448">
     <span class='ocr_line' id='line_1_23' title="bbox 162 1396 1132 1448; baseline 0.002 -15"><span class='ocrx_word' id='word_1_143' title='bbox 162 1397 332 1434; x_wconf 88' lang='lat' dir='ltr'>mittere</span> <span class='ocrx_word' id='word_1_144' title='bbox 351 1398 535 1435; x_wconf 85' lang='lat' dir='ltr'>triticeos</span> <span class='ocrx_word' id='word_1_145' title='bbox 553 1399 597 1434; x_wconf 90' lang='lat' dir='ltr'>in</span> <span class='ocrx_word' id='word_1_146' title='bbox 614 1402 782 1448; x_wconf 90' lang='lat' dir='ltr'>pastum</span> <span class='ocrx_word' id='word_1_147' title='bbox 800 1396 932 1448; x_wconf 90' lang='lat' dir='ltr'>plebis</span> <span class='ocrx_word' id='word_1_148' title='bbox 952 1409 1132 1443; x_wconf 89' lang='lat' dir='ltr'>acervos,</span> 
     </span>
    </p>

    <p class='ocr_par' dir='ltr' id='par_1_19' title="bbox 162 1450 1384 1558">
     <span class='ocr_line' id='line_1_24' title="bbox 162 1450 1384 1503; baseline 0.003 -15"><span class='ocrx_word' id='word_1_149' title='bbox 162 1463 317 1489; x_wconf 90' lang='lat' dir='ltr'>numne</span> <span class='ocrx_word' id='word_1_150' title='bbox 338 1450 531 1489; x_wconf 88' lang='lat' dir='ltr'>Leontini</span> <span class='ocrx_word' id='word_1_151' title='bbox 550 1451 729 1490; x_wconf 88' lang='lat' dir='ltr'>sulcator</span> <span class='ocrx_word' id='word_1_152' title='bbox 747 1451 905 1490; x_wconf 90' lang='lat' dir='ltr'>solvere</span> <span class='ocrx_word' id='word_1_153' title='bbox 924 1453 1059 1503; x_wconf 86' lang='lat' dir='ltr'>campi</span> <span class='ocrx_word' id='word_1_154' title='bbox 1306 1452 1384 1492; x_wconf 79' lang='lat'>940</span> 
     </span>
     <span class='ocr_line' id='line_1_25' title="bbox 162 1504 1144 1558; baseline 0.001 -15"><span class='ocrx_word' id='word_1_155' title='bbox 162 1511 297 1544; x_wconf 86' lang='lat' dir='ltr'>cesset</span> <span class='ocrx_word' id='word_1_156' title='bbox 316 1504 534 1557; x_wconf 88' lang='lat' dir='ltr'>frugiferas</span> <span class='ocrx_word' id='word_1_157' title='bbox 556 1506 729 1558; x_wconf 91' lang='lat' dir='ltr'>Lilybeo</span> <span class='ocrx_word' id='word_1_158' title='bbox 750 1519 802 1544; x_wconf 91' lang='lat' dir='ltr'>ex</span> <span class='ocrx_word' id='word_1_159' title='bbox 820 1506 942 1545; x_wconf 83' lang='lat' dir='ltr'>litore</span> <span class='ocrx_word' id='word_1_160' title='bbox 961 1506 1144 1553; x_wconf 87' lang='lat' dir='ltr'>cumbas,</span> 
     </span>
    </p>
   </div>
   <div class='ocr_carea' id='block_1_5' title="bbox 159 1666 1380 2106">
    <p class='ocr_par' dir='ltr' id='par_1_20' title="bbox 162 1666 1380 1797">
     <span class='ocr_line' id='line_1_26' title="bbox 209 1666 1380 1710; baseline 0.001 -11"><span class='ocrx_word' id='word_1_161' title='bbox 209 1671 225 1686; x_wconf 79' lang='lat'>‘²</span> <span class='ocrx_word' id='word_1_162' title='bbox 248 1667 483 1709; x_wconf 74' lang='lat' dir='ltr'>Triptolemus</span> <span class='ocrx_word' id='word_1_163' title='bbox 507 1678 662 1710; x_wconf 64' lang='lat' dir='ltr'>appears&gt;</span> <span class='ocrx_word' id='word_1_164' title='bbox 679 1668 716 1700; x_wconf 92' lang='lat' dir='ltr'>in</span> <span class='ocrx_word' id='word_1_165' title='bbox 743 1667 952 1710; x_wconf 77' lang='lat' dir='ltr'>mythology</span> <span class='ocrx_word' id='word_1_166' title='bbox 975 1678 1015 1700; x_wconf 81' lang='lat' dir='ltr'>as</span> <span class='ocrx_word' id='word_1_167' title='bbox 1039 1667 1313 1700; x_wconf 18' lang='lat' dir='ltr'>commissionedv</span> <span class='ocrx_word' id='word_1_168' title='bbox 1331 1666 1380 1710; x_wconf 87' lang='lat' dir='ltr'>by</span> 
     </span>
     <span class='ocr_line' id='line_1_27' title="bbox 162 1710 1377 1754; baseline 0.001 -11"><span class='ocrx_word' id='word_1_169' title='bbox 162 1710 263 1743; x_wconf 86' lang='lat' dir='ltr'>Ceres</span> <span class='ocrx_word' id='word_1_170' title='bbox 290 1715 329 1743; x_wconf 87' lang='lat' dir='ltr'>to</span> <span class='ocrx_word' id='word_1_171' title='bbox 357 1711 399 1744; x_wconf 88' lang='lat' dir='ltr'>be</span> <span class='ocrx_word' id='word_1_172' title='bbox 426 1722 448 1744; x_wconf 84' lang='lat' dir='ltr'>a</span> <span class='ocrx_word' id='word_1_173' title='bbox 478 1712 620 1753; x_wconf 88' lang='lat' dir='ltr'>pioneer</span> <span class='ocrx_word' id='word_1_174' title='bbox 649 1711 690 1743; x_wconf 87' lang='lat' dir='ltr'>of</span> <span class='ocrx_word' id='word_1_175' title='bbox 717 1712 981 1754; x_wconf 86' lang='lat' dir='ltr'>corn-growing.</span> <span class='ocrx_word' id='word_1_176' title='bbox 1043 1711 1097 1754; x_wconf 83' lang='lat' dir='ltr'>Os.</span> <span class='ocrx_word' id='word_1_177' title='bbox 1130 1711 1234 1751; x_wconf 84' lang='lat' dir='ltr'>Ovid,</span> <span class='ocrx_word' id='word_1_178' title='bbox 1265 1711 1377 1750; x_wconf 69' lang='lat' dir='ltr'>Fasti,</span> 
     </span>
     <span class='ocr_line' id='line_1_28' title="bbox 162 1755 1292 1797; baseline 0.001 -10"><span class='ocrx_word' id='word_1_179' title='bbox 162 1755 223 1791; x_wconf 89' lang='lat' dir='ltr'>IV,</span> <span class='ocrx_word' id='word_1_180' title='bbox 241 1755 385 1794; x_wconf 78' lang='lat'>550-60,</span> <span class='ocrx_word' id='word_1_181' title='bbox 403 1755 704 1797; x_wconf 71' lang='lat' dir='ltr'>Metamorphoses,</span> <span class='ocrx_word' id='word_1_182' title='bbox 722 1755 763 1794; x_wconf 91' lang='lat' dir='ltr'>V,</span> <span class='ocrx_word' id='word_1_183' title='bbox 780 1756 902 1788; x_wconf 85' lang='lat'>645-7.</span> <span class='ocrx_word' id='word_1_184' title='bbox 1289 1762 1292 1763; x_wconf 72' lang='grc'>’</span> 
     </span>
    </p>

    <p class='ocr_par' dir='ltr' id='par_1_21' title="bbox 160 1799 1378 2018">
     <span class='ocr_line' id='line_1_29' title="bbox 210 1799 1378 1841; baseline 0.001 -10"><span class='ocrx_word' id='word_1_185' title='bbox 210 1799 223 1819; x_wconf 72' lang='lat'>¹·</span> <span class='ocrx_word' id='word_1_186' title='bbox 247 1799 319 1831; x_wconf 94' lang='lat' dir='ltr'>But</span> <span class='ocrx_word' id='word_1_187' title='bbox 339 1799 512 1841; x_wconf 71' lang='lat' dir='ltr'>praesenti</span> <span class='ocrx_word' id='word_1_188' title='bbox 535 1804 693 1841; x_wconf 78' lang='lat' dir='ltr'>tempore,</span> <span class='ocrx_word' id='word_1_189' title='bbox 718 1800 780 1832; x_wconf 87' lang='lat' dir='ltr'>the</span> <span class='ocrx_word' id='word_1_190' title='bbox 803 1800 889 1832; x_wconf 90' lang='lat' dir='ltr'>time</span> <span class='ocrx_word' id='word_1_191' title='bbox 912 1803 951 1832; x_wconf 85' lang='lat' dir='ltr'>at</span> <span class='ocrx_word' id='word_1_192' title='bbox 974 1799 1088 1832; x_wconf 86' lang='lat' dir='ltr'>which</span> <span class='ocrx_word' id='word_1_193' title='bbox 1111 1799 1326 1832; x_wconf 74' lang='lat' dir='ltr'>Prudentius</span> <span class='ocrx_word' id='word_1_194' title='bbox 1347 1799 1378 1832; x_wconf 83' lang='lat' dir='ltr'>is</span> 
     </span>
     <span class='ocr_line' id='line_1_30' title="bbox 161 1842 1378 1886; baseline 0.002 -12"><span class='ocrx_word' id='word_1_195' title='bbox 161 1843 311 1886; x_wconf 86' lang='lat' dir='ltr'>writing‚</span> <span class='ocrx_word' id='word_1_196' title='bbox 341 1843 425 1876; x_wconf 86' lang='lat' dir='ltr'>does</span> <span class='ocrx_word' id='word_1_197' title='bbox 453 1847 518 1876; x_wconf 89' lang='lat' dir='ltr'>not</span> <span class='ocrx_word' id='word_1_198' title='bbox 546 1844 700 1876; x_wconf 87' lang='lat' dir='ltr'>indicate</span> <span class='ocrx_word' id='word_1_199' title='bbox 728 1843 790 1876; x_wconf 89' lang='lat' dir='ltr'>the</span> <span class='ocrx_word' id='word_1_200' title='bbox 818 1844 905 1876; x_wconf 83' lang='lat' dir='ltr'>time</span> <span class='ocrx_word' id='word_1_201' title='bbox 933 1847 973 1876; x_wconf 87' lang='lat' dir='ltr'>at</span> <span class='ocrx_word' id='word_1_202' title='bbox 1000 1843 1115 1876; x_wconf 82' lang='lat' dir='ltr'>which</span> <span class='ocrx_word' id='word_1_203' title='bbox 1143 1842 1378 1886; x_wconf 77' lang='lat' dir='ltr'>Symmachus</span> 
     </span>
     <span class='ocr_line' id='line_1_31' title="bbox 161 1887 1377 1930; baseline 0.001 -11"><span class='ocrx_word' id='word_1_204' title='bbox 161 1887 264 1919; x_wconf 88' lang='lat' dir='ltr'>made</span> <span class='ocrx_word' id='word_1_205' title='bbox 283 1887 344 1920; x_wconf 90' lang='lat' dir='ltr'>the</span> <span class='ocrx_word' id='word_1_206' title='bbox 363 1887 489 1930; x_wconf 83' lang='lat' dir='ltr'>appeal</span> <span class='ocrx_word' id='word_1_207' title='bbox 509 1889 579 1928; x_wconf 88' lang='lat' dir='ltr'>(see</span> <span class='ocrx_word' id='word_1_208' title='bbox 598 1888 858 1926; x_wconf 77' lang='lat' dir='ltr'>Introduction,</span> <span class='ocrx_word' id='word_1_209' title='bbox 878 1898 912 1929; x_wconf 91' lang='lat' dir='ltr'>p.</span> <span class='ocrx_word' id='word_1_210' title='bbox 933 1888 996 1928; x_wconf 81' lang='lat' dir='ltr'>xi).</span> <span class='ocrx_word' id='word_1_211' title='bbox 1043 1887 1278 1930; x_wconf 76' lang='lat' dir='ltr'>Symmachus</span> <span class='ocrx_word' id='word_1_212' title='bbox 1295 1897 1377 1930; x_wconf 75' lang='lat' dir='ltr'>says</span> 
     </span>
     <span class='ocr_line' id='line_1_32' title="bbox 160 1930 1377 1974; baseline 0.001 -11"><span class='ocrx_word' id='word_1_213' title='bbox 160 1931 345 1973; x_wconf 89' lang='lat' dir='ltr'>distinctly</span> <span class='ocrx_word' id='word_1_214' title='bbox 363 1932 445 1964; x_wconf 86' lang='lat' dir='ltr'>that</span> <span class='ocrx_word' id='word_1_215' title='bbox 464 1931 564 1964; x_wconf 88' lang='lat' dir='ltr'>there</span> <span class='ocrx_word' id='word_1_216' title='bbox 582 1942 654 1964; x_wconf 88' lang='lat' dir='ltr'>was</span> <span class='ocrx_word' id='word_1_217' title='bbox 673 1943 695 1964; x_wconf 81' lang='lat' dir='ltr'>a</span> <span class='ocrx_word' id='word_1_218' title='bbox 713 1931 872 1964; x_wconf 86' lang='lat' dir='ltr'>national</span> <span class='ocrx_word' id='word_1_219' title='bbox 891 1931 1042 1974; x_wconf 80' lang='lat' dir='ltr'>scarcity</span> <span class='ocrx_word' id='word_1_220' title='bbox 1061 1931 1176 1974; x_wconf 82' lang='lat' dir='ltr'>owing</span> <span class='ocrx_word' id='word_1_221' title='bbox 1194 1935 1233 1964; x_wconf 88' lang='lat' dir='ltr'>to</span> <span class='ocrx_word' id='word_1_222' title='bbox 1252 1930 1377 1964; x_wconf 79' lang='lat' dir='ltr'>failure</span> 
     </span>
     <span class='ocr_line' id='line_1_33' title="bbox 160 1974 988 2018; baseline 0 -11"><span class='ocrx_word' id='word_1_223' title='bbox 160 1974 201 2007; x_wconf 88' lang='lat' dir='ltr'>of</span> <span class='ocrx_word' id='word_1_224' title='bbox 217 1986 317 2017; x_wconf 86' lang='lat' dir='ltr'>crops</span> <span class='ocrx_word' id='word_1_225' title='bbox 336 1976 372 2007; x_wconf 91' lang='lat' dir='ltr'>in</span> <span class='ocrx_word' id='word_1_226' title='bbox 391 1975 452 2008; x_wconf 87' lang='lat' dir='ltr'>the</span> <span class='ocrx_word' id='word_1_227' title='bbox 471 1975 775 2018; x_wconf 85' lang='lat' dir='ltr'>grain-supplying</span> <span class='ocrx_word' id='word_1_228' title='bbox 794 1976 988 2017; x_wconf 86' lang='lat' dir='ltr'>provinces.</span> 
     </span>
    </p>

    <p class='ocr_par' dir='ltr' id='par_1_22' title="bbox 159 2018 1376 2106">
     <span class='ocr_line' id='line_1_34' title="bbox 207 2018 1376 2062; baseline 0.001 -11"><span class='ocrx_word' id='word_1_229' title='bbox 207 2023 219 2039; x_wconf 81' lang='lat'><em>⁶</em></span> <span class='ocrx_word' id='word_1_230' title='bbox 242 2019 263 2051; x_wconf 92' lang='lat' dir='ltr'><strong><em>I</em></strong></span> <span class='ocrx_word' id='word_1_231' title='bbox 266 2029 303 2051; x_wconf 84' lang='lat' dir='ltr'>.e.</span> <span class='ocrx_word' id='word_1_232' title='bbox 326 2019 546 2061; x_wconf 81' lang='lat' dir='ltr'>Ethiopians,</span> <span class='ocrx_word' id='word_1_233' title='bbox 568 2030 606 2052; x_wconf 86' lang='lat' dir='ltr'>as</span> <span class='ocrx_word' id='word_1_234' title='bbox 626 2020 662 2052; x_wconf 90' lang='lat' dir='ltr'>in</span> <span class='ocrx_word' id='word_1_235' title='bbox 682 2019 743 2052; x_wconf 88' lang='lat' dir='ltr'>the</span> <span class='ocrx_word' id='word_1_236' title='bbox 763 2019 929 2061; x_wconf 70' lang='lat' dir='ltr'>Georqics,</span> <span class='ocrx_word' id='word_1_237' title='bbox 951 2019 1011 2058; x_wconf 90' lang='lat' dir='ltr'>IV,</span> <span class='ocrx_word' id='word_1_238' title='bbox 1033 2020 1111 2058; x_wconf 82' lang='lat'><strong>293,</strong></span> <span class='ocrx_word' id='word_1_239' title='bbox 1132 2018 1246 2052; x_wconf 81' lang='lat' dir='ltr'>where</span> <span class='ocrx_word' id='word_1_240' title='bbox 1265 2018 1376 2062; x_wconf 79' lang='lat' dir='ltr'>Virgil</span> 
     </span>
     <span class='ocr_line' id='line_1_35' title="bbox 159 2062 692 2106; baseline 0.002 -11"><span class='ocrx_word' id='word_1_241' title='bbox 159 2062 233 2095; x_wconf 86' lang='lat' dir='ltr'>also</span> <span class='ocrx_word' id='word_1_242' title='bbox 248 2063 277 2095; x_wconf 89' lang='lat' dir='ltr'>is</span> <span class='ocrx_word' id='word_1_243' title='bbox 292 2063 460 2106; x_wconf 84' lang='lat' dir='ltr'>speaking</span> <span class='ocrx_word' id='word_1_244' title='bbox 475 2063 516 2096; x_wconf 87' lang='lat' dir='ltr'>of</span> <span class='ocrx_word' id='word_1_245' title='bbox 526 2063 587 2096; x_wconf 89' lang='lat' dir='ltr'>the</span> <span class='ocrx_word' id='word_1_246' title='bbox 603 2063 692 2097; x_wconf 87' lang='lat' dir='ltr'>Nile.</span> 
     </span>
    </p>
   </div>
   <div class='ocr_carea' id='block_1_6' title="bbox 159 2126 207 2164">
    <p class='ocr_par' dir='ltr' id='par_1_23' title="bbox 159 2126 207 2164">
     <span class='ocr_line' id='line_1_36' title="bbox 159 2126 207 2164; baseline -0.021 0"><span class='ocrx_word' id='word_1_247' title='bbox 159 2126 207 2164; x_wconf 90' lang='lat'>80</span> 
     </span>
    </p>
   </div>
  </div>
 </body>
</html>
