1456 2358
138 2120 211 2158 286

584 147 946 189 PRUDENTIUS

259 265 458 304 praeceps
478 266 679 305 aquarum
698 253 866 293 flumine
885 257 1003 308 ignes
1023 256 1173 295 obruit.

260 307 378 346 alunt
397 307 504 346 olivo
523 309 849 348 semiconbustas
869 309 994 356 faces,

259 362 333 399 sed
352 364 478 400 vincit
496 363 630 401 imber
647 366 731 401 iam
749 364 991 403 madentem
1009 364 1212 404 fomitem.
1293 368 1371 407 860

310 417 521 468 trepidare
540 423 679 456 taeter
697 418 881 457 carnifex
900 420 1023 458 rebus
1042 423 1157 459 novis

258 471 465 517 turbatus,
486 477 530 510 et
549 485 632 523 qua
649 479 791 523 posset
811 479 900 512 arte
919 476 1125 521 insistere,

256 538 419 564 versare
439 531 570 565 torres
590 540 685 565 cum
703 526 851 566 favillis
871 528 1035 575 umidis,

255 593 408 630 prunas
427 581 618 632 maniplis
638 581 856 621 confovere
875 585 1062 635 stuppeis

257 640 301 672 et
320 648 463 673 semen
482 637 587 687 ignis
606 638 716 674 inter
735 637 866 676 undas
887 650 1100 688 quaerere.
1290 641 1368 682 865
1409 656 1412 657 ⁷

308 689 419 740 quod
437 703 532 728 cum
550 693 732 729 tumenti
750 694 990 730 nuntiatum
1007 692 1148 739 iudici,

254 747 476 783 commovit
492 744 507 768 ¹
526 747 629 782 iram
648 744 755 784 fellis
774 746 1053 797 inplacabilis:

255 797 277 810 “
298 811 513 850 quousque
533 800 706 838 tandem
725 814 908 839 summus
926 801 993 840 hic
1011 802 1128 841 nobis
1147 816 1293 856 magus

252 852 456 899 inludet,''
475 856 625 905 inquit,
646 853 668 867 ‘⁶
688 854 977 894 Thessalorum
995 859 1176 895 carmine

251 920 431 958 poenam
449 911 607 959 peritus
627 915 790 948 vertere
808 913 852 948 in
869 910 1121 949 ludibrium?
1288 913 1367 954 870

305 961 480 1001 fortasse
501 965 653 1010 cervix,
672 966 706 1002 si
725 965 947 1003 secandam
965 967 1121 1004 iussero

252 1015 364 1055 flecti
383 1018 459 1055 sub
480 1031 636 1064 ensem,
655 1032 738 1057 non
756 1020 921 1070 patebit
939 1019 1121 1059 vulneri:

251 1070 317 1109 vel
336 1078 601 1123 amputatum
619 1072 744 1125 plaga
763 1073 915 1112 collum
933 1074 1120 1113 dividens

250 1139 388 1164 rursus
408 1127 536 1165 coibit
555 1141 602 1165 ac
620 1128 956 1180 reglutinabitur,

250 1183 486 1232 umerisque
505 1187 651 1220 vertex
672 1183 873 1222 eminebit
892 1183 1071 1222 additus.
1284 1186 1362 1227 875

302 1241 558 1286 temptemus
576 1238 705 1289 igitur
724 1243 822 1276 ante
841 1243 1006 1289 partem
1025 1241 1263 1291 quampiam

249 1294 441 1328 truncare
461 1289 569 1329 ferro
589 1294 767 1342 corporis
786 1295 1034 1343 superstitis,

248 1357 301 1382 ne
320 1350 455 1383 morte
474 1345 622 1397 simpla
640 1348 879 1385 criminosus
898 1347 1118 1399 multiplex

247 1398 371 1437 cadat
390 1399 456 1437 vel
474 1413 558 1437 una
575 1400 756 1451 perfidus
776 1401 905 1440 caede
924 1408 1122 1453 oppetat:

247 1458 350 1504 quot
368 1455 556 1492 membra
573 1461 728 1507 gestat,
747 1461 813 1494 tot
831 1456 964 1495 modis
982 1463 1129 1508 pereat
1148 1457 1253 1496 volo.
1282 1459 1360 1499 880

298 1507 403 1547 libet
422 1511 614 1560 experiri,
634 1509 771 1548 Lerna
789 1513 896 1549 sicut
914 1511 1107 1558 traditur,

246 1567 386 1600 utrum
404 1566 560 1602 renatis
579 1563 827 1615 pullulascat
846 1566 1033 1612 artubus,

247 1630 294 1655 ac
313 1630 357 1655 se
376 1620 571 1657 inminuti
589 1621 766 1670 corporis
786 1619 946 1658 damnis
965 1634 1118 1659 novum

244 1673 472 1711 instauret:
505 1675 594 1724 ipse
612 1679 779 1724 praesto
800 1676 879 1713 erit
897 1680 998 1713 tunc
1017 1674 1217 1715 Hercules

245 1725 422 1778 hydrina
440 1733 582 1766 suetus
602 1730 759 1766 ustuire
779 1729 961 1767 vulnera.
1279 1732 1356 1772 885

295 1783 379 1819 iam
397 1795 506 1820 nunc
525 1782 693 1820 secandi
711 1782 857 1822 doctus
876 1783 985 1822 adsit
1005 1783 1170 1831 artifex,

245 1837 315 1886 qui
334 1841 484 1874 cuncta
502 1839 612 1876 norit
630 1839 832 1875 viscerum
851 1838 1028 1877 confinia

335 1922 349 1942 ¹
372 1922 473 1955 Some
490 1924 533 1956 M
534 1923 612 1962 SS„
630 1923 809 1966 includinq
823 1925 866 1965 B,
883 1924 966 1958 have
981 1925 1161 1959 movisset.

343 2062 358 2078 ⁰
381 2058 551 2101 Thessaly
566 2059 638 2092 had
653 2071 675 2092 a
689 2060 895 2103 reputation
910 2060 965 2094 for
979 2061 1190 2096 witchemft.
