1456 2358
611 143 972 184 PRUDENTIUS

293 251 316 265 “
337 253 468 290 evasit
488 249 722 296 exultans‚'’
743 252 816 296 ait,

257 319 259 321 ·
292 305 316 320 “
335 305 502 344 rebellis
521 311 566 344 et
584 305 765 357 palmam
784 303 894 343 tulit.

193 2142 263 2180 192

345 360 418 399 sed
437 365 569 399 restat
586 359 690 398 illud
709 359 916 405 ultimum,

293 414 445 454 inferre
464 427 643 466 poenam
662 419 840 460 mortuo,

294 469 391 508 feris
410 469 586 508 cadaver
605 469 771 508 tradere

294 524 515 562 canibusve
535 523 789 575 carpendum
808 523 920 562 dare.

345 581 429 618 iam
447 592 557 617 nunc
576 584 621 617 et
640 591 731 617 ossa
750 580 982 623 extinxero,

294 647 346 672 ne
366 636 421 672 sit
439 633 674 684 sepulcrum
691 631 861 678 funeris,

295 687 407 740 quod
424 687 542 740 plebs
561 687 741 740 gregalis
760 686 924 725 excolat

294 743 548 794 titulumque
569 743 671 794 figat
689 739 925 794 martyris.”

348 800 405 836 sic
423 796 593 843 frendit,
614 802 658 835 et
676 810 822 848 corpus
841 809 1002 834 sacrum

296 851 492 904 profanus
511 852 554 904 (a
571 851 707 890 dirum
725 849 842 890 nefas
856 850 883 902 l)

297 907 455 946 nudum
473 912 629 958 negato
647 908 833 958 tegmine

298 964 470 1014 exponit
488 963 598 1000 inter
616 963 780 999 carices.

350 1016 424 1055 sed
442 1015 555 1054 nulla
573 1015 754 1055 dirarum
773 1014 892 1053 famis

299 1077 372 1110 aut
389 1071 618 1110 bestiarum
637 1075 710 1108 aut
729 1069 875 1108 alitum

299 1126 428 1165 audet
446 1131 665 1177 tropaeum
682 1124 838 1176 gloriae

299 1180 467 1220 foedare
486 1185 603 1218 tactu
622 1178 821 1231 squalido.

351 1237 451 1286 quin
470 1237 503 1273 si
522 1248 605 1286 qua
622 1234 817 1286 clangens
836 1233 1008 1285 inprobe

298 1289 610 1328 circumvolarat
629 1291 803 1334 eminus,

298 1347 424 1383 trucis
443 1343 615 1382 volucris
633 1345 779 1394 inpetu

298 1398 472 1450 depulsa
489 1398 683 1436 vertebat
701 1396 856 1450 fugam.

350 1467 447 1492 nam
466 1466 623 1498 corvus,
643 1451 790 1490 Heliae
810 1452 932 1490 datus

298 1509 396 1547 olim
414 1508 598 1546 ciborum
617 1509 807 1559 portitor,

297 1563 375 1602 hoc
393 1575 543 1601 munus
561 1561 695 1614 inplet
713 1561 855 1600 sedule

298 1624 342 1657 et
360 1620 588 1656 inremotus
608 1616 800 1655 excubat.

348 1672 415 1710 hic
435 1685 487 1710 ex
506 1670 695 1710 frutectis
714 1672 909 1722 proximis

297 1726 474 1766 infestus
494 1725 651 1764 alarum
670 1739 769 1764 sono

298 1781 519 1832 oculosque
538 1782 673 1832 pinnis
692 1781 913 1818 verberans

299 1838 442 1888 exegit
459 1838 669 1874 inmanem
687 1834 844 1886 lupum.

351 1893 442 1942 quis
461 1889 711 1942 perfidorum
730 1889 898 1928 credere

295 1948 404 1985 ausit
421 1957 612 1996 rapacem
634 1943 816 1989 beluam,

298 2002 427 2039 tauris
445 2004 635 2051 paratam
654 1998 863 2050 congredi,

299 2056 467 2094 cessisse
486 2053 636 2106 plumis
654 2053 873 2091 mollibus?

1327 358 1405 400 385

1327 632 1406 672 390

1329 905 1406 945 395

1330 1451 1407 1491 405

1331 1723 1408 1763 410

1330 1996 1407 2036 415
