1456 2358
210 2101 278 2139 162

637 118 1000 160 PRUDENTIUS

311 227 468 264 tristior
487 225 692 277 templum
710 226 846 265 rabies
864 228 908 264 in
925 226 1038 265 istud

521 280 665 319 intulit
682 283 776 326 iras,

314 347 391 372 nec
410 333 524 373 furor
544 337 763 387 quisquam
783 338 871 373 sine
890 335 1015 374 laude
1035 340 1225 374 nostrum

312 391 437 427 cessit
456 395 530 428 aut
548 389 647 428 clari
666 403 818 428 vacuus
837 392 1012 436 cruoris3

311 449 544 495 martyrum
562 457 728 495 semper
745 458 941 483 numerus
961 445 1037 483 sub
1056 446 1169 483 omni

521 499 724 551 grandine
744 501 887 537 crevit.

312 566 464 599 nonne,
484 553 691 599 Vincenti,
710 556 874 606 peregri
893 553 1104 592 necandus

312 613 472 660 martyr
489 608 552 646 his
572 611 692 646 terris
712 611 831 646 tenui
849 611 1004 647 notasti

312 665 524 714 sanguinis
542 676 634 701 rore
653 665 835 714 speciem
854 662 984 701 futuri

521 722 656 755 morte
676 718 935 769 propinqua?

312 771 390 811 hoc
409 771 550 810 colunt
569 774 692 818 cives,
711 772 827 810 velut
845 775 935 824 ipsa
952 772 1141 811 membra

312 839 482 877 caespes
501 825 688 865 includat
706 840 803 865 suus
823 833 867 865 et
885 832 1061 878 paterno

312 886 451 919 servet
470 881 726 933 amplectens
745 881 906 920 tumulo
925 882 1040 920 beati

521 938 714 988 martyris
734 949 838 974 ossa.

312 995 454 1029 noster
473 996 551 1036 est,
572 993 758 1042 quamvis
777 990 919 1042 procul
936 990 1031 1029 hinc
1049 993 1092 1029 in
1111 991 1213 1030 urbe

311 1058 456 1096 passus
474 1047 619 1097 ignota
638 1045 802 1084 dederit
821 1044 998 1097 sepulcri

311 1099 486 1152 gloriam
504 1102 634 1138 victor
652 1113 781 1151 prope
799 1100 898 1138 litus
918 1099 1028 1139 altae

520 1153 629 1192 forte
649 1153 835 1206 Sagunti.

313 1214 454 1247 noster
474 1214 518 1247 et
536 1215 678 1247 nostra
695 1222 800 1260 puer
817 1211 861 1247 in
878 1208 1088 1260 palaestra

313 1269 404 1302 arte
422 1265 586 1302 virtutis
607 1263 787 1315 fideique
806 1263 914 1302 olivo

312 1323 461 1357 unctus
479 1317 731 1356 horrendum
750 1318 896 1357 didicit
914 1318 1083 1358 domare
1144 1350 1145 1354 ,

521 1373 673 1411 viribus
692 1372 868 1411 hostem.

312 1433 486 1470 noverat
504 1427 662 1479 templo
681 1427 864 1466 celebres
883 1430 926 1466 in
945 1430 1025 1466 isto

313 1484 441 1521 octies
459 1487 601 1533 partas
620 1482 841 1533 deciesque
859 1481 1017 1534 palmas
1032 1494 1042 1527 ;

313 1536 463 1575 laureis
483 1536 628 1575 doctus
648 1539 791 1588 patriis
811 1536 959 1575 eadem

519 1590 644 1629 laude
663 1593 854 1630 cucurrit.

312 1645 379 1684 hic
396 1651 453 1691 et,
473 1645 656 1691 Encrati,
675 1646 877 1684 recubant
896 1651 1063 1685 tuarum

312 1713 405 1739 ossa
423 1702 638 1746 virtutum,
659 1701 806 1751 quibus
827 1699 987 1739 efferati

313 1757 503 1806 spiritum
521 1755 680 1800 mundi,
699 1754 880 1794 violenta
899 1757 1027 1808 virgo,

521 1809 791 1848 dedecorasti.

312 1870 543 1916 martyrum
562 1864 664 1902 nulli
682 1869 926 1902 remanente
945 1866 1031 1902 vita

313 1921 489 1971 contigit
507 1921 627 1957 terris
645 1918 834 1957 habitare
854 1921 1026 1965 nostris3

313 1972 400 2012 sola
417 1979 465 2011 tu
483 1975 607 2011 morti
626 1975 815 2025 propriae
835 1974 1044 2025 superstes

521 2029 621 2066 vivis
639 2030 682 2065 in
701 2028 814 2067 orbe.

1370 337 1422 377 85

1376 610 1427 650 90

1374 883 1424 923 95

1347 1124 1423 1196 160

1349 1430 1423 1469 105

1348 1703 1423 1742 110

1348 1974 1422 2017 115
