1456 2358
613 136 976 178 PRUDENTIUS

292 251 426 285 costas
444 245 610 284 bisulcis
631 243 883 283 exsecandas
902 243 1080 296 ungulis.

291 314 491 364 inrumpit
510 311 642 349 altum
659 310 788 348 limen
808 315 852 348 et
870 309 1142 361 praeconibus

293 383 462 430 stupore
481 379 606 415 mutis
626 379 713 428 ipse
733 381 935 414 tortorem
954 374 1097 414 trahit.
1354 374 1405 415 75

347 443 531 482 adstanti
550 443 603 481 ob
623 455 694 480 ora
713 444 769 479 sie
787 447 988 493 tyrannus
1007 442 1175 492 incipit:

294 508 317 523 “
337 508 492 547 infame
511 513 756 553 monstrum,
775 507 880 552 vilis,
898 505 1163 552 intestabilis,

294 581 343 614 tu
362 574 586 613 ventilator
604 574 716 612 urbis
737 578 781 611 et
801 572 913 625 vulgi
930 572 1031 611 levis

294 640 477 693 procella
495 645 658 678 mentes
677 641 885 691 inquietas
904 637 1092 683 mobiles,

295 719 349 745 ne
369 719 413 745 se
431 708 612 758 inperita
631 705 755 743 turba
774 704 903 742 dedat
921 703 1097 755 legibus.
1200 692 1203 693 ⁷
1359 703 1410 742 80

347 771 546 824 populare
566 771 766 823 quiddam
785 770 861 808 sub
880 769 1016 808 colore
1035 768 1191 821 gloriae

295 838 529 877 inlitterata
547 836 725 875 credidit
744 835 994 887 frequentia,

297 910 345 943 ut
364 917 408 943 se
427 917 503 955 per
522 915 671 941 aevum
690 901 988 940 consecrandos
1009 905 1244 946 autument,

297 973 331 1009 si
349 969 462 1008 bella
481 969 584 1007 divis
603 981 680 1006 ceu
699 971 891 1020 gigantes
910 966 1094 1005 inferant

298 1038 480 1087 victique
499 1034 675 1072 flammis
696 1034 925 1072 obruantur
943 1034 1160 1071 montium.
1362 1032 1413 1071 85

351 1101 429 1140 hoc
448 1107 496 1140 tu
514 1102 685 1152 parasti,
705 1099 884 1151 perdite,
904 1097 1189 1150 spectaculum

299 1167 426 1206 cladis
446 1172 644 1205 cruentae
663 1166 716 1204 de
736 1164 932 1203 necandis
948 1163 964 1188 1
983 1164 1154 1209 civibus,

300 1247 402 1286 quos
422 1239 470 1271 ut
488 1231 682 1284 profanos
701 1233 849 1283 inpiati
869 1235 914 1269 et
932 1229 1087 1268 saeculi

299 1313 390 1338 reos
410 1311 579 1350 necesse
600 1303 664 1336 est
683 1303 727 1336 te
747 1299 946 1348 magistro
965 1295 1167 1334 interfici:

300 1371 347 1404 tu
367 1378 491 1403 causa
509 1366 667 1409 mortis,
686 1369 734 1401 tu
753 1362 956 1400 malorum
975 1359 1159 1413 signifer.
1365 1361 1416 1400 90

352 1433 395 1469 ni
413 1429 545 1476 fallor,
565 1442 745 1481 aequum
765 1433 829 1467 est
847 1433 910 1474 ut,
929 1426 1041 1479 quod
1060 1431 1203 1465 auctor
1220 1425 1417 1478 inprobus

300 1497 479 1536 tolerare
497 1495 651 1534 multos
670 1494 891 1546 conpulisti
911 1499 959 1532 ut
977 1491 1176 1538 carnifex,

300 1566 344 1601 in
362 1569 406 1602 te
425 1566 625 1607 recurrat,
643 1573 801 1612 proque
821 1561 949 1598 tantis
969 1558 1181 1604 caedibus,

302 1641 410 1681 quae
429 1641 526 1666 mox
545 1625 726 1672 futurae,
746 1628 902 1678 primus
922 1627 1098 1663 exitium
1115 1623 1220 1670 luas,

302 1694 410 1733 feras
431 1699 475 1732 et
493 1695 582 1745 ipse
602 1692 713 1744 quod
732 1691 953 1730 ferendum
971 1688 1202 1729 suaseras.”
1366 1689 1416 1729 95

354 1760 416 1798 his
434 1759 506 1798 ille
525 1764 669 1797 contra
687 1757 827 1796 reddit
845 1770 915 1795 ore
934 1756 1088 1795 libero:

303 1825 326 1840 ‘⁴
347 1825 588 1877 amplector,
607 1837 632 1862 o
650 1822 878 1875 praefecte,
898 1835 975 1861 nec
993 1834 1061 1860 me
1081 1819 1294 1866 subtraho,

303 1897 350 1931 ut
369 1905 443 1943 pro
463 1890 575 1929 fideli
593 1889 715 1941 plebe
735 1888 845 1927 solus
864 1886 1052 1932 inmoler,

247 2005 260 2025 ¹
285 2003 496 2037 denecandis
514 2003 695 2043 Berqman,
714 2000 831 2042 taking]
849 1999 901 2032 the
915 1999 1042 2041 phrase
1058 2009 1099 2030 as
1115 2008 1137 2030 α
1155 1997 1265 2030 dative
1283 1995 1321 2039 of
1330 2006 1416 2038 pur·

195 2058 290 2091 pose,
307 2047 365 2080 but
380 2047 448 2080 thie
462 2046 654 2090 compound
671 2045 702 2079 is
717 2044 888 2079 otherwise
904 2043 1087 2076 unknown.

202 2124 276 2163 234
