1456 2358
180 2124 254 2172 276

614 147 977 188 PRUDENTIUS

291 251 467 290 sublime
487 252 638 291 tollant
658 259 702 291 et
720 266 846 291 manu
864 253 1032 305 pulsent
1051 260 1185 300 nates,

291 320 389 345 mox
409 312 453 345 et
471 313 633 346 remota
651 313 768 346 veste
787 310 910 360 virgis
930 309 1152 347 verberent

291 366 568 413 tenerumque
587 362 700 400 duris
717 363 867 401 ictibus
886 369 1052 415 tergum
1071 369 1228 409 secent,

291 415 383 467 plus
403 416 515 454 unde
533 416 650 455 lactis
671 430 797 468 quam
815 420 967 456 cruoris
986 417 1156 456 defluat.

344 483 452 522 quae
471 473 602 509 cautis
621 471 725 509 illud
742 474 907 523 perpeti
926 472 1222 523 spectaculum,

293 527 383 576 quis
403 524 511 564 ferre
530 528 660 577 possit
679 529 784 564 aeris
805 532 877 564 aut
897 526 994 564 ferri
1011 527 1149 579 rigor?

291 582 459 630 inpacta
478 582 670 631 quotiens
689 594 835 632 corpus
855 583 1056 633 attigerat
1074 581 1192 627 salix,

291 636 410 672 tenui
428 635 636 673 rubebant
654 637 856 687 sanguine
875 635 959 673 uda
976 638 1144 682 vimina,

293 702 419 740 quem
436 688 561 741 plaga
579 688 700 728 flerat
718 689 885 728 roscidis
904 689 1110 728 livoribus.

345 742 485 782 ferunt
504 746 686 782 minaces
704 744 1012 782 verberantium
1031 758 1159 797 genas

291 797 568 836 inlacrimasse
588 804 736 850 sponte
756 799 1064 838 dimanantibus

291 855 423 904 guttis
442 865 517 903 per
536 866 607 891 ora
625 854 847 891 barbarum
866 853 1101 900 frementia,

291 907 443 945 scribas
464 913 508 946 et
526 910 634 958 ipsos
655 913 699 946 et
718 921 910 946 coronam
928 908 1114 960 plebium

290 975 564 1013 proceresque
584 964 698 1000 siccis
717 976 800 1001 non
819 965 985 1001 stetisse
1003 963 1169 1002 visibus.

344 1022 388 1054 at
407 1016 494 1054 sola
511 1022 647 1055 mater
665 1016 777 1055 hisce
795 1017 988 1056 lamentis
1008 1023 1136 1064 caret,

291 1070 366 1108 soli
385 1084 531 1109 sereno
550 1070 661 1109 frons
680 1071 845 1110 renidet
863 1072 1039 1123 gaudio3

291 1130 377 1163 stat
395 1128 438 1163 in
456 1128 618 1176 piorum
637 1126 759 1164 corde
778 1129 913 1178 pietas
933 1126 1076 1165 fortior

291 1193 430 1218 amore
450 1179 602 1218 Christi
622 1186 846 1219 contumax
865 1181 1072 1220 doloribus

290 1233 510 1285 firmatque
530 1248 696 1272 sensum
714 1235 848 1273 mollis
867 1235 1166 1288 indulgentiae.

342 1291 456 1327 sitire
476 1302 566 1327 sese
585 1303 734 1340 parvus
756 1289 1082 1329 exclamaverat:
1136 1304 1141 1308 ·

290 1346 452 1381 animae
473 1347 701 1382 aestuantis
722 1344 842 1382 ardor
859 1347 902 1382 in
922 1346 1169 1384 cruciatibus

1327 420 1426 458 700‘

1327 692 1403 731 705

1326 964 1402 1004 710

1325 1237 1401 1278 715

290 1397 367 1436 hoc
387 1399 598 1450 exigebat,
617 1398 812 1450 lymphae
832 1405 880 1437 ut
898 1399 1094 1438 haustum
1111 1405 1324 1451 posceret:

290 1464 415 1504 quem
433 1458 551 1491 torva
569 1458 704 1491 mater
724 1456 883 1491 eminus
902 1456 1022 1492 triste
1041 1456 1207 1493 intuens

287 1506 406 1544 vultu
426 1513 470 1545 et
489 1510 641 1546 severis
660 1508 826 1546 vocibus
846 1510 902 1546 sic
920 1510 1130 1560 increpat:

288 1560 311 1574 ‘⁴
330 1567 434 1612 puto
452 1562 660 1607 inbecillo,
679 1568 792 1607 nate,
812 1563 989 1601 turbaris
1009 1569 1126 1602 metu

289 1621 333 1654 et
351 1622 396 1654 te
415 1615 565 1654 doloris
584 1616 726 1654 horror
745 1616 957 1655 adflictum
976 1617 1131 1656 domat.

287 1684 370 1708 non
389 1669 495 1708 hanc
514 1684 701 1709 meorum
719 1674 921 1710 viscerum
939 1675 1112 1723 stirpem
1130 1671 1219 1711 fore

288 1724 380 1763 Deo
400 1725 616 1776 spopondi,
635 1739 717 1763 non
735 1728 778 1763 in
797 1725 903 1764 hanc
921 1739 1038 1778 spem
1057 1726 1212 1779 gloriae

287 1785 331 1817 te
350 1782 575 1830 procreavi,
595 1780 743 1818 cedere
763 1786 810 1818 ut
829 1780 914 1819 leto
934 1783 1048 1819 scias.

340 1847 491 1885 aquam
509 1834 734 1873 bibendam
752 1834 951 1886 postulas,
971 1848 1065 1873 cum
1083 1838 1138 1874 sit
1155 1836 1233 1874 tibi

287 1887 377 1926 fons
395 1888 466 1926 ille
485 1891 598 1927 vivus
618 1895 798 1940 praesto,
819 1892 889 1940 qui
908 1902 1072 1942 semper
1089 1888 1182 1929 fluit

287 1948 332 1981 et
350 1948 500 1981 cuncta
519 1942 627 1982 solus
646 1946 799 1996 inrigat
817 1947 1013 1991 viventia,

285 1999 397 2035 intus
417 1997 597 2049 forisque
616 2000 806 2049 spiritum
826 2004 870 2037 et
888 2012 1034 2050 corpus
1052 1998 1188 2045 simul,

286 2054 582 2090 aeternitatem
600 2052 779 2104 largiens
798 2054 1052 2104 potantibus.

1325 1510 1400 1549 720

1321 1756 1396 1822 725

1319 2055 1396 2094 730
