1456 2358
178 2099 252 2146 278

284 1973 486 2009 cervicem
506 1971 692 2023 adusque
711 1971 1008 2011 dehonestaret
1027 1977 1176 2023 caput;

598 120 960 161 PRUDENTIUS

330 228 471 264 venies
492 226 545 265 ad
562 226 664 265 illud
682 240 779 266 mox
798 226 1016 273 fluentum,
1035 229 1068 265 si
1087 225 1211 265 modo

282 283 418 319 animo
438 294 485 318 ac
504 281 696 319 medullis
715 281 824 320 solus
844 281 964 320 ardor
983 287 1150 320 aestuet

281 334 421 373 videre
441 335 666 381 Christum,
685 336 797 387 quod
815 336 945 374 semel
963 341 1110 387 potum
1129 334 1304 374 adfatim

281 391 338 427 sic
356 389 478 428 sedat
496 403 663 428 omnem
680 393 859 442 pectoris
879 389 1141 442 flagrantiam

281 446 367 482 vita
385 449 433 482 ut
451 445 579 483 beata
596 447 680 483 iam
698 447 812 483 sitire
831 448 1002 484 nesciat.
1315 445 1392 485 735

333 498 413 544 hic,
431 498 498 537 hic
516 499 735 545 bibendus,
754 505 868 546 nate,
887 513 996 538 nunc
1014 499 1092 538 tibi
1111 504 1176 538 est
1193 498 1316 544 calix,

281 553 394 591 mille
413 555 456 591 in
474 552 693 592 Bethleem
712 567 838 605 quem
855 555 1053 593 biberunt
1069 553 1252 606 parvuli:

282 607 413 646 oblita
430 607 548 647 lactis
569 614 613 647 et
630 608 877 660 papillarum
895 611 1098 647 inmemor

283 668 398 700 aetas
419 665 582 708 amaris,
601 677 698 702 mox
717 663 868 702 deinde
887 663 1076 702 dulcibus

282 715 441 755 refecta
458 717 585 768 poclis
604 717 730 756 mella
747 720 923 769 sumpsit
941 718 1164 770 sanguinis.
1317 717 1395 758 740

336 771 574 823 exemplum
594 772 647 810 ad
664 772 777 811 istud
795 775 944 818 nitere,
964 786 988 811 o
1007 771 1124 810 fortis
1142 785 1261 823 puer,

283 839 486 878 generosa
503 826 642 878 prolis,
661 830 804 865 matris
825 833 869 866 et
886 829 1089 878 potentia.

284 894 427 919 omnes
447 894 618 932 capaces
639 894 729 920 esse
748 884 951 920 virtutum
970 880 1096 920 Pater

283 935 496 974 mandavit
517 949 658 981 annos,
677 939 888 975 neminem
908 938 1074 988 excepit
1091 935 1218 981 diem,

282 992 380 1041 ipsis
399 990 629 1041 triumphos
650 991 836 1029 adnuens
855 991 1075 1043 vagitibus.
1318 990 1393 1031 745

334 1046 425 1090 scis,
445 1058 570 1096 saepe
589 1045 690 1091 dixi,
709 1059 803 1084 cum
822 1045 989 1084 docenti
1008 1044 1226 1083 adluderes

286 1104 330 1137 et
348 1099 606 1151 garrulorum
625 1102 743 1152 signa
761 1100 979 1138 verborum
997 1100 1132 1145 dares,

286 1153 402 1191 Isaac
420 1152 546 1192 fuisse
565 1154 783 1205 parvulum
801 1157 911 1206 patri
929 1157 1110 1200 unicum,

283 1210 368 1259 qui,
388 1221 482 1246 cum
500 1209 760 1247 inmolandus
780 1223 894 1247 aram
914 1215 958 1248 et
977 1222 1120 1247 ensem
1138 1214 1343 1254 cerneret,

283 1262 391 1300 ultro
410 1266 589 1301 sacranti
608 1263 713 1301 colla
730 1264 970 1315 praebuerit
988 1265 1089 1302 seni.
1319 1264 1395 1304 750

334 1320 495 1355 narravi
515 1323 559 1356 et
576 1318 680 1356 illud
699 1318 837 1356 nobile
857 1331 904 1356 ac
922 1317 1191 1356 memorabile

282 1377 510 1417 certamen,
529 1386 612 1410 una
630 1378 765 1411 matre
785 1373 896 1424 quod
915 1378 1079 1424 septem
1099 1371 1201 1411 editi

282 1439 449 1477 gessere
468 1429 600 1477 pueri,
620 1427 693 1465 sed
712 1432 855 1465 tamen
875 1426 994 1465 factis
1014 1429 1103 1473 viri,

282 1480 477 1519 hortante
498 1481 647 1519 eadem
665 1487 799 1520 matre
818 1484 861 1519 in
881 1483 1050 1533 ancipiti
1070 1483 1186 1520 exitu

282 1548 443 1586 poenae
464 1540 508 1574 et
527 1549 701 1574 coronae
721 1539 912 1588 sanguini
931 1542 979 1574 ut
997 1549 1050 1574 ne
1069 1540 1300 1587 parcerent.
1319 1536 1394 1576 755

336 1589 507 1628 videbat
525 1592 634 1641 ipsos
655 1597 877 1642 apparatus
897 1589 1090 1629 funerum

283 1657 479 1694 praesens
499 1657 666 1683 suorum
685 1658 762 1683 nec
781 1645 1026 1683 movebatur
1043 1657 1192 1696 parens

283 1698 442 1737 laetata
461 1702 652 1750 quotiens
673 1705 746 1738 aut
765 1699 871 1738 olivo
891 1699 1066 1738 stridula

284 1758 451 1805 sartago
470 1752 623 1791 frixum
642 1757 859 1793 torruisset
877 1754 1078 1805 puberem

284 1807 373 1845 dira
393 1813 466 1846 aut
485 1814 709 1847 cremasset
728 1808 1017 1846 lamminarum
1034 1810 1246 1860 inpressio.
1319 1809 1395 1848 760

336 1875 497 1900 comam
515 1868 739 1914 cutemque
759 1865 922 1901 verticis
942 1862 1171 1901 revulserat

285 1929 309 1953 a
328 1915 465 1955 fronte
485 1923 631 1963 tortor,
650 1917 763 1956 nuda
781 1923 893 1956 testa
912 1923 959 1956 ut
978 1919 1164 1969 tegmine

383 2056 399 2071 ‘²
421 2052 459 2084 II
476 2052 681 2085 Macoabees
698 2053 760 2086 vii.
808 2052 860 2086 Of.
877 2053 1003 2086 Periet.
1019 2063 1054 2092 v,
1071 2053 1137 2086 523
1151 2052 1189 2086 ff.
