1456 2358
623 168 983 211 PRUDENTIUS

302 280 487 320 nectens,
507 288 656 313 corona
675 279 766 312 tum
784 287 963 326 repexus
982 288 1122 322 aurea,

301 331 439 367 cinctu
459 329 621 367 Gabino
641 331 813 367 sericam
831 328 961 367 fultus
979 335 1136 382 togam.
1311 331 1411 377 1015

352 383 505 422 tabulis
525 397 702 435 superne
722 389 854 422 strata
872 389 1024 423 texunt
1042 384 1205 436 pulpita

300 440 450 476 rimosa
468 440 549 476 rari
567 440 774 490 pegmatis
793 439 1061 491 conpagibus,

300 492 494 531 scindunt
512 493 687 530 subinde
706 492 773 531 vel
791 494 1007 532 terebrant
1026 506 1166 532 aream

300 548 526 598 crebroque
545 547 704 599 lignum
723 546 937 599 perforant
955 550 1159 595 acumine,

299 607 446 653 pateat
465 604 634 640 minutis
654 607 702 640 ut
720 601 915 653 frequens
933 602 1128 641 hiatibus.
1309 604 1411 644 1020

351 656 431 694 huc
449 662 593 695 taurus
612 659 758 708 ingens
778 655 914 695 fronte
934 663 1052 695 torva
1071 662 1115 696 et
1132 656 1296 710 hispida

298 713 419 749 sertis
438 713 645 749 revinctus
666 717 738 749 aut
756 724 832 762 per
851 725 984 750 armos
1003 711 1138 751 floreis

299 771 372 804 aut
390 766 587 817 inpeditis
606 766 796 804 cornibus
815 766 1048 812 deducitur,

298 833 375 858 nec
393 834 476 859 non
497 826 540 858 et
560 834 658 858 auro
678 819 788 859 frons
808 826 995 859 coruscat
1013 820 1188 867 hostiae,

298 880 520 926 saetasque
538 874 674 927 fulgor
692 875 908 913 brattealis
927 875 1069 914 inficit.
1308 877 1408 917 1025

348 928 415 967 hic
434 935 482 968 ut
500 935 662 968 statuta
682 935 745 968 est
763 930 1001 968 inmolanda
1019 930 1157 977 belua,

296 989 442 1035 pectus
462 989 623 1022 sacrato
642 984 833 1023 dividunt
851 985 1079 1030 venabu103

297 1044 460 1077 eructat
480 1038 664 1090 amplum
682 1039 829 1077 vulnus
848 1039 1003 1078 undam
1022 1041 1232 1092 sanguinis

297 1092 509 1139 ferventis,
527 1096 654 1145 inque
673 1099 794 1132 texta
812 1097 949 1145 pontis
969 1094 1125 1133 subditi

297 1146 436 1186 fundit
454 1161 652 1199 vaporum
671 1147 826 1186 flumen
846 1154 890 1187 et
907 1148 993 1187 late
1013 1154 1191 1188 aestuat.
1307 1150 1407 1190 1030

348 1208 439 1240 tum
457 1216 532 1254 per
551 1202 792 1254 frequentes
810 1202 924 1241 mille
943 1205 1139 1241 rimarum
1157 1205 1243 1242 vias

296 1256 477 1308 inlapsus
496 1258 629 1295 imber
647 1257 838 1295 tabidum
856 1271 991 1296 rorem
1008 1257 1131 1309 pluit,

296 1311 482 1350 defossus
501 1314 613 1350 intus
634 1325 759 1363 quem
778 1312 967 1351 sacerdos
988 1314 1142 1364 excipit

295 1372 438 1417 guttas
459 1366 512 1404 ad
531 1380 673 1404 omnes
692 1372 815 1418 turpe
835 1367 1070 1406 subiectans
1089 1373 1216 1419 caput

296 1426 340 1458 et
359 1426 475 1459 veste
496 1426 540 1459 et
559 1423 670 1459 omni
688 1420 947 1472 putrefactus
967 1435 1149 1473 corpore.
1200 1433 1202 1435 “
1305 1423 1405 1463 1035

348 1477 448 1526 quin
467 1489 511 1513 os
531 1478 712 1527 supinat,
731 1476 871 1514 obvias
891 1474 1011 1514 offert
1028 1489 1173 1529 genas,

295 1532 491 1581 supponit
510 1543 644 1576 aures,
663 1530 792 1576 labra,
811 1543 931 1569 nares
950 1531 1090 1577 obicit,

295 1584 432 1622 oculos
453 1590 497 1623 et
515 1587 623 1636 ipsos
642 1585 796 1636 perluit
814 1584 1053 1636 liquoribus,

293 1652 370 1676 nec
388 1641 472 1677 iam
490 1639 631 1691 palato
650 1641 783 1691 parcit
802 1645 846 1678 et
864 1639 1050 1692 linguam
1067 1642 1191 1693 rigat,

293 1693 426 1732 donee
445 1707 631 1732 cruorem
650 1699 765 1733 totus
784 1699 921 1732 atrum
940 1694 1148 1733 conbibat.
1302 1695 1406 1735 1040

345 1754 567 1799 postquam
586 1749 762 1787 cadaver
780 1751 981 1801 sanguine
1002 1754 1147 1801 egesto
1165 1751 1303 1802 rigens

293 1815 478 1854 conpage
499 1804 551 1841 ab
569 1803 642 1840 illa
660 1802 846 1841 flamines
865 1805 1130 1849 retraxerint,

292 1858 480 1907 procedit
498 1858 594 1896 inde
614 1857 803 1909 pontifex
823 1860 911 1896 visu
929 1857 1132 1903 horridus,

292 1917 479 1950 ostentat
499 1912 627 1950 udum
646 1915 858 1958 verticem,
877 1913 1050 1951 barbam
1068 1925 1252 1965 gravem,

291 1968 415 2004 vittas
436 1966 653 2005 madentes
674 1972 801 2018 atque
821 1969 996 2006 amictus
1016 1967 1162 2006 ebrios.
1301 1967 1400 2009 1045

229 2061 244 2076 ‘²
267 2057 299 2089 A
324 2068 472 2091 manner
497 2058 538 2091 of
558 2059 711 2101 wearing
735 2058 798 2091 the
823 2062 908 2102 toga
932 2058 1047 2092 which
1071 2069 1144 2092 was
1169 2058 1341 2093 observati
1364 2059 1402 2093 in

185 2102 395 2134 connection
419 2101 507 2134 with
531 2102 686 2136 sacrifice
710 2102 782 2135 and
805 2113 902 2137 some
926 2102 1029 2136 other
1051 2102 1187 2137 solemn
1210 2103 1401 2137 occasions.
1447 2127 1452 2136 ἶ

184 2148 257 2197 296
