1456 2358
152 2138 223 2174 190

575 139 939 181 PRUDENTIUS

304 248 371 287 hic
390 249 591 287 obseratis
611 247 797 285 vectibus

253 304 408 342 densae
428 315 598 354 specum
617 301 802 354 caliginis

253 358 472 410 splendore
491 357 592 395 lucis
613 356 799 394 advenae

253 415 444 451 micuisse
464 411 650 450 clausum
669 410 843 449 viderat.

307 473 352 506 at
370 480 467 505 vero
486 471 708 518 postquam
726 464 869 503 lectuli

254 527 414 574 martyr
433 523 619 572 quietem
638 521 828 572 contigit,

255 589 382 629 aeger
399 589 608 614 morarum
626 574 767 613 taedio

255 638 299 670 et
317 633 461 669 mortis
480 633 670 668 incensus
689 631 811 667 siti—

307 688 340 724 si
358 699 467 724 mors
485 683 680 723 habenda
699 682 901 722 eiusmodi
919 688 996 730 est²

255 754 363 792 quae
382 739 582 791 corporali
601 737 810 790 ergastulo

253 801 441 834 mentem
459 793 628 832 resolvit
645 793 819 831 liberam

255 857 299 889 et
317 849 457 888 reddit
476 850 633 887 auctori
653 848 760 893 Deo,

305 909 493 943 mentem
511 905 670 955 piatam
689 903 905 954 sanguine,

252 961 396 998 mortis
414 958 586 996 lavacris
606 957 777 1002 emtam,

253 1027 360 1066 quae
380 1018 516 1052 semet
535 1026 582 1050 ac
600 1014 730 1050 vitam
749 1024 867 1049 suam

253 1069 417 1108 Christo
435 1066 717 1106 inmolandam
735 1065 982 1117 praebuit—

306 1137 405 1176 ergo
424 1128 472 1160 ut
490 1121 643 1160 recline
661 1120 853 1159 mollibus

252 1181 398 1217 reiecit
417 1176 570 1215 aulaeis
590 1181 730 1227 caput,

252 1236 383 1271 victor
401 1231 554 1270 relictis
574 1231 745 1269 artubus

253 1287 415 1326 caelum
434 1288 612 1338 capessit
630 1287 810 1336 spiritus,

305 1344 371 1380 cui
389 1347 504 1380 recta
523 1339 631 1378 celso
650 1341 819 1378 tramite

253 1402 461 1436 reseratur
481 1394 534 1433 ad
552 1393 722 1433 Patrem
740 1395 820 1438 via,

254 1465 380 1503 quam
398 1449 527 1488 fratre
546 1462 690 1487 caesus
707 1450 820 1499 inpio

253 1506 362 1544 Abel
380 1506 529 1543 beatus
547 1503 779 1542 scanderat.

305 1563 465 1612 stipant
483 1564 655 1597 euntem
674 1556 839 1596 candidi

253 1615 348 1654 hinc
366 1614 463 1653 inde
483 1618 719 1652 sanctorum
737 1611 850 1650 chori

252 1672 425 1722 parique
443 1670 613 1707 missum
632 1679 795 1705 carcere

252 1726 438 1776 baptista
456 1722 661 1761 Iohannes
680 1725 814 1760 vocat.

306 1785 350 1817 at
369 1778 591 1817 Christiani
609 1778 784 1815 nominis

252 1833 416 1872 hostem
436 1831 672 1883 coquebant
690 1832 814 1868 inrita

252 1887 359 1926 fellis
378 1899 539 1925 venena
558 1891 602 1924 et
620 1885 791 1923 lividum

252 1956 321 1981 cor
340 1941 512 1980 efferata
531 1945 788 1979 exusserant.

305 1999 463 2035 saevire
481 1997 683 2033 inermem
702 1993 891 2032 crederes

254 2051 394 2090 fractis
413 2051 634 2089 draconem
653 2048 860 2087 dentibus.

1289 303 1367 342 350

1288 575 1365 615 355

1288 848 1366 887 360

1287 1121 1365 1160 365

1286 1393 1365 1433 370

1285 1666 1362 1706 375
