1456 2358
131 2136 199 2162 122

555 139 914 180 PRUDENTIUS

234 262 399 287 sensum
418 249 582 286 venusti
600 248 813 284 innoxium

233 303 383 341 laboris
399 302 415 326 1
436 307 629 353 expertes
648 306 813 353 gerunt.

287 363 445 395 vestros
464 356 651 395 valentes
670 367 839 406 corpore

233 415 399 450 interna
417 413 642 462 corrumpit
659 410 789 461 lepra,

235 479 429 518 errorque
448 479 641 504 mancum
660 464 866 503 claudicat

236 528 280 560 et
298 534 423 559 caeca
441 519 552 559 fraus
570 519 672 558 nihil
690 518 817 557 videt.

287 577 472 627 quemvis
491 580 657 613 tuorum
676 572 939 625 principum‚1

235 633 306 682 qui
324 635 442 669 veste
462 635 506 668 et
525 642 595 668 ore
614 630 867 680 praenitent,

234 688 365 738 magis
385 685 569 736 probabo
587 682 769 722 debilem

235 754 361 792 quam
380 741 470 791 quis
489 752 675 777 meorum
696 743 760 776 est
778 750 1021 788 pauperum.

286 795 410 840 hunc,
430 796 500 845 qui
519 793 706 844 superbit
724 794 867 837 serico,

235 863 360 901 quem
379 862 519 887 currus
537 847 727 886 inflatum
746 846 874 892 vehit,

236 904 416 957 hydrops
436 916 613 954 aquosus
630 901 767 940 lucido

236 959 374 997 tendit
391 971 552 996 veneno
569 958 828 995 intrinsecus.

288 1019 353 1052 ast
371 1013 437 1051 hie
457 1025 602 1050 avarus
621 1011 828 1050 contrahit

235 1081 381 1106 manus
400 1080 590 1106 recurvas
610 1071 655 1104 et
672 1065 807 1104 volam

234 1123 390 1174 plicans
411 1122 579 1160 aduncis
598 1120 804 1172 unguibus

234 1178 375 1216 laxare
395 1190 541 1215 nervos
560 1189 642 1214 non
662 1174 784 1213 valet.

286 1235 413 1270 istum
430 1230 558 1270 libido
577 1229 736 1268 foetida

234 1300 310 1338 per
328 1291 464 1324 scorta
481 1290 662 1323 tractum
680 1284 845 1335 publica

234 1342 324 1379 luto
344 1347 387 1379 et
406 1340 552 1379 cloacis
570 1341 775 1390 inquinat,

234 1396 334 1434 dum
353 1408 500 1446 spurca
517 1393 728 1432 mendicat
746 1398 901 1444 stupra.

287 1450 414 1502 quid?
447 1449 517 1487 ille
535 1447 699 1486 fervens
718 1448 877 1486 ambitu

234 1507 429 1556 sitimque
447 1503 611 1542 honoris
631 1507 824 1541 aestuans

233 1561 431 1598 mersisne
452 1557 621 1596 anhelat
639 1556 821 1595 febribus

235 1620 362 1665 atque
381 1615 478 1665 igne
497 1625 696 1650 venarum
714 1610 841 1649 furit?

286 1670 469 1720 quisquis
488 1666 656 1706 tacendi
673 1668 955 1717 intemperans

234 1723 393 1762 silenda
410 1723 543 1774 prurit
560 1720 749 1772 prodere,

234 1783 410 1816 vexatur
428 1782 473 1815 et
491 1775 638 1827 scalpit
655 1778 768 1814 iecur

234 1833 497 1883 scabiemque
516 1830 649 1869 cordis
668 1831 857 1868 sustinet.

286 1886 386 1938 quid
403 1885 634 1924 invidorum
652 1890 868 1935 pectorum

233 1948 410 1980 strumas
429 1945 618 1978 retexam
637 1938 852 1991 turgidas?

233 1996 334 2048 quid
351 1994 574 2047 purulenta
592 1999 637 2032 et
654 1993 779 2032 livida

232 2050 540 2103 malignitatum
558 2047 755 2087 vulnera?

1266 410 1343 450 230

1266 683 1342 723 235

1266 954 1344 995 240

1267 1227 1344 1269 245

1265 1502 1343 1543 250

1264 1774 1342 1816 255

1263 2048 1341 2088 260
