<?xml version="1.0" encoding="UTF-8"?>
<!DOCTYPE html PUBLIC "-//W3C//DTD XHTML 1.0 Transitional//EN"
    "http://www.w3.org/TR/xhtml1/DTD/xhtml1-transitional.dtd">
<html xmlns="http://www.w3.org/1999/xhtml" xml:lang="en" lang="en">
 <head>
  <title>
</title>
<meta http-equiv="Content-Type" content="text/html;charset=utf-8" />
  <meta name='ocr-system' content='tesseract 3.04.00' />
  <meta name='ocr-capabilities' content='ocr_page ocr_carea ocr_par ocr_line ocrx_word'/>
</head>
<body>
  <div class='ocr_page' id='page_1' title='image "./prudentius00pruduoft/prudentius00pruduoft_0146.png"; bbox 0 0 1456 2358; ppageno 0'>
   <div class='ocr_carea' id='block_1_1' title="bbox 199 2106 269 2148">
    <p class='ocr_par' dir='ltr' id='par_1_1' title="bbox 199 2106 269 2148">
     <span class='ocr_line' id='line_1_1' title="bbox 199 2106 269 2148; baseline 0 -14"><span class='ocrx_word' id='word_1_1' title='bbox 199 2106 269 2148; x_wconf 84' lang='lat'><strong>134</strong></span> 
     </span>
    </p>
   </div>
   <div class='ocr_carea' id='block_1_2' title="bbox 606 104 967 145">
    <p class='ocr_par' dir='ltr' id='par_1_2' title="bbox 606 104 967 145">
     <span class='ocr_line' id='line_1_2' title="bbox 606 104 967 145; baseline 0 -2"><span class='ocrx_word' id='word_1_2' title='bbox 606 104 967 145; x_wconf 87' lang='lat' dir='ltr'>PRUDENTIUS</span> 
     </span>
    </p>
   </div>
   <div class='ocr_carea' id='block_1_3' title="bbox 287 213 1062 1959">
    <p class='ocr_par' dir='ltr' id='par_1_3' title="bbox 287 213 1062 1959">
     <span class='ocr_line' id='line_1_3' title="bbox 287 213 940 266; baseline -0.006 -13"><span class='ocrx_word' id='word_1_3' title='bbox 287 213 576 266; x_wconf 90' lang='lat' dir='ltr'><strong>quodcumque</strong></span> <span class='ocrx_word' id='word_1_4' title='bbox 595 218 799 251; x_wconf 87' lang='lat' dir='ltr'><strong>terrarum</strong></span> <span class='ocrx_word' id='word_1_5' title='bbox 817 213 940 257; x_wconf 80' lang='lat' dir='ltr'><strong>iacet,</strong></span> 
     </span>
     <span class='ocr_line' id='line_1_4' title="bbox 287 266 772 320; baseline -0.006 -13"><span class='ocrx_word' id='word_1_6' title='bbox 287 282 370 307; x_wconf 93' lang='lat' dir='ltr'><strong>uno</strong></span> <span class='ocrx_word' id='word_1_7' title='bbox 387 268 581 320; x_wconf 78' lang='lat' dir='ltr'><strong>inligaret</strong></span> <span class='ocrx_word' id='word_1_8' title='bbox 599 266 772 306; x_wconf 90' lang='lat' dir='ltr'><strong>vinculo.</strong></span> 
     </span>
     <span class='ocr_line' id='line_1_5' title="bbox 339 322 918 369; baseline -0.005 -7"><span class='ocrx_word' id='word_1_9' title='bbox 339 323 407 369; x_wconf 84' lang='lat' dir='ltr'><strong>da,</strong></span> <span class='ocrx_word' id='word_1_10' title='bbox 427 322 604 368; x_wconf 81' lang='lat' dir='ltr'><strong>Christe,</strong></span> <span class='ocrx_word' id='word_1_11' title='bbox 622 322 817 361; x_wconf 87' lang='lat' dir='ltr'><strong>Romanis</strong></span> <span class='ocrx_word' id='word_1_12' title='bbox 835 322 918 359; x_wconf 91' lang='lat' dir='ltr'><strong>tuis</strong></span> 
     </span>
     <span class='ocr_line' id='line_1_6' title="bbox 289 377 836 422; baseline -0.005 -5"><span class='ocrx_word' id='word_1_13' title='bbox 289 380 342 417; x_wconf 90' lang='lat' dir='ltr'><strong>sit</strong></span> <span class='ocrx_word' id='word_1_14' title='bbox 361 377 595 416; x_wconf 85' lang='lat' dir='ltr'><strong>Christiana</strong></span> <span class='ocrx_word' id='word_1_15' title='bbox 612 382 660 415; x_wconf 92' lang='lat' dir='ltr'><strong>ut</strong></span> <span class='ocrx_word' id='word_1_16' title='bbox 678 378 836 422; x_wconf 88' lang='lat' dir='ltr'><strong>civitas,</strong></span> 
     </span>
     <span class='ocr_line' id='line_1_7' title="bbox 289 431 911 485; baseline -0.005 -14"><span class='ocrx_word' id='word_1_17' title='bbox 289 446 363 485; x_wconf 91' lang='lat' dir='ltr'><strong>per</strong></span> <span class='ocrx_word' id='word_1_18' title='bbox 382 445 507 484; x_wconf 89' lang='lat' dir='ltr'><strong>quam</strong></span> <span class='ocrx_word' id='word_1_19' title='bbox 525 431 678 470; x_wconf 90' lang='lat' dir='ltr'><strong>dedisti</strong></span> <span class='ocrx_word' id='word_1_20' title='bbox 696 436 744 470; x_wconf 85' lang='lat' dir='ltr'><strong>ut</strong></span> <span class='ocrx_word' id='word_1_21' title='bbox 762 432 911 469; x_wconf 88' lang='lat' dir='ltr'><strong>ceteris</strong></span> 
     </span>
     <span class='ocr_line' id='line_1_8' title="bbox 289 484 873 526; baseline -0.005 0"><span class='ocrx_word' id='word_1_22' title='bbox 289 501 406 526; x_wconf 89' lang='lat' dir='ltr'><strong>mens</strong></span> <span class='ocrx_word' id='word_1_23' title='bbox 426 500 508 525; x_wconf 91' lang='lat' dir='ltr'><strong>una</strong></span> <span class='ocrx_word' id='word_1_24' title='bbox 526 500 733 525; x_wconf 88' lang='lat' dir='ltr'><strong>sacrorum</strong></span> <span class='ocrx_word' id='word_1_25' title='bbox 751 484 873 524; x_wconf 86' lang='lat' dir='ltr'><strong>foret.</strong></span> 
     </span>
     <span class='ocr_line' id='line_1_9' title="bbox 342 541 843 581; baseline -0.004 -1"><span class='ocrx_word' id='word_1_26' title='bbox 342 541 688 581; x_wconf 83' lang='lat' dir='ltr'>confoederantur</span> <span class='ocrx_word' id='word_1_27' title='bbox 705 541 843 579; x_wconf 88' lang='lat' dir='ltr'><strong>omnia</strong></span> 
     </span>
     <span class='ocr_line' id='line_1_10' title="bbox 290 593 1029 646; baseline -0.004 -11"><span class='ocrx_word' id='word_1_28' title='bbox 290 597 385 636; x_wconf 91' lang='lat' dir='ltr'><strong>hinc</strong></span> <span class='ocrx_word' id='word_1_29' title='bbox 402 596 500 635; x_wconf 88' lang='lat' dir='ltr'><strong>inde</strong></span> <span class='ocrx_word' id='word_1_30' title='bbox 518 595 706 634; x_wconf 89' lang='lat' dir='ltr'><strong>membra</strong></span> <span class='ocrx_word' id='word_1_31' title='bbox 722 597 766 633; x_wconf 90' lang='lat' dir='ltr'><strong>in</strong></span> <span class='ocrx_word' id='word_1_32' title='bbox 784 593 1029 646; x_wconf 90' lang='lat' dir='ltr'><strong>symbolum.</strong></span> 
     </span>
     <span class='ocr_line' id='line_1_11' title="bbox 291 649 890 695; baseline -0.005 -5"><span class='ocrx_word' id='word_1_33' title='bbox 291 653 542 690; x_wconf 80' lang='lat' dir='ltr'><strong>mansuescit</strong></span> <span class='ocrx_word' id='word_1_34' title='bbox 560 650 668 689; x_wconf 92' lang='lat' dir='ltr'><strong>orbis</strong></span> <span class='ocrx_word' id='word_1_35' title='bbox 687 649 890 695; x_wconf 88' lang='lat' dir='ltr'><strong>subditus,</strong></span> 
     </span>
     <span class='ocr_line' id='line_1_12' title="bbox 291 709 998 755; baseline -0.006 -10"><span class='ocrx_word' id='word_1_36' title='bbox 291 712 553 745; x_wconf 85' lang='lat' dir='ltr'><strong>mansuescat</strong></span> <span class='ocrx_word' id='word_1_37' title='bbox 573 711 617 744; x_wconf 92' lang='lat' dir='ltr'><strong>et</strong></span> <span class='ocrx_word' id='word_1_38' title='bbox 635 718 841 743; x_wconf 90' lang='lat' dir='ltr'><strong>summum</strong></span> <span class='ocrx_word' id='word_1_39' title='bbox 860 709 998 755; x_wconf 88' lang='lat' dir='ltr'><strong>caput.</strong></span> 
     </span>
     <span class='ocr_line' id='line_1_13' title="bbox 345 758 930 811; baseline -0.005 -12"><span class='ocrx_word' id='word_1_40' title='bbox 345 761 537 800; x_wconf 89' lang='lat' dir='ltr'><strong>advertat</strong></span> <span class='ocrx_word' id='word_1_41' title='bbox 556 761 770 798; x_wconf 87' lang='lat' dir='ltr'><strong>abiunctas</strong></span> <span class='ocrx_word' id='word_1_42' title='bbox 787 758 930 811; x_wconf 85' lang='lat' dir='ltr'><strong>plagas</strong></span> 
     </span>
     <span class='ocr_line' id='line_1_14' title="bbox 293 816 824 867; baseline -0.006 -12"><span class='ocrx_word' id='word_1_43' title='bbox 293 818 400 855; x_wconf 90' lang='lat' dir='ltr'><strong>coire</strong></span> <span class='ocrx_word' id='word_1_44' title='bbox 419 818 462 853; x_wconf 93' lang='lat' dir='ltr'><strong>in</strong></span> <span class='ocrx_word' id='word_1_45' title='bbox 480 828 606 853; x_wconf 90' lang='lat' dir='ltr'><strong>unam</strong></span> <span class='ocrx_word' id='word_1_46' title='bbox 624 816 824 867; x_wconf 83' lang='lat' dir='ltr'><strong>gratiam3</strong></span> 
     </span>
     <span class='ocr_line' id='line_1_15' title="bbox 294 869 747 914; baseline -0.004 -5"><span class='ocrx_word' id='word_1_47' title='bbox 294 871 367 909; x_wconf 90' lang='lat' dir='ltr'><strong>fiat</strong></span> <span class='ocrx_word' id='word_1_48' title='bbox 386 869 518 908; x_wconf 90' lang='lat' dir='ltr'><strong>fidelis</strong></span> <span class='ocrx_word' id='word_1_49' title='bbox 536 869 747 914; x_wconf 88' lang='lat' dir='ltr'><strong>Romulus,</strong></span> 
     </span>
     <span class='ocr_line' id='line_1_16' title="bbox 294 924 875 977; baseline -0.005 -13"><span class='ocrx_word' id='word_1_50' title='bbox 294 932 339 964; x_wconf 92' lang='lat' dir='ltr'><strong>et</strong></span> <span class='ocrx_word' id='word_1_51' title='bbox 357 927 444 977; x_wconf 90' lang='lat' dir='ltr'><strong>ipse</strong></span> <span class='ocrx_word' id='word_1_52' title='bbox 463 927 547 962; x_wconf 92' lang='lat' dir='ltr'><strong>iam</strong></span> <span class='ocrx_word' id='word_1_53' title='bbox 565 924 708 962; x_wconf 90' lang='lat' dir='ltr'><strong>credat</strong></span> <span class='ocrx_word' id='word_1_54' title='bbox 727 924 875 962; x_wconf 89' lang='lat' dir='ltr'><strong>Numa.</strong></span> 
     </span>
     <span class='ocr_line' id='line_1_17' title="bbox 346 978 875 1018; baseline -0.004 0"><span class='ocrx_word' id='word_1_55' title='bbox 346 978 562 1018; x_wconf 86' lang='lat' dir='ltr'><strong>confundit</strong></span> <span class='ocrx_word' id='word_1_56' title='bbox 581 992 692 1017; x_wconf 89' lang='lat' dir='ltr'><strong>error</strong></span> <span class='ocrx_word' id='word_1_57' title='bbox 709 978 875 1016; x_wconf 90' lang='lat' dir='ltr'><strong>Troicus</strong></span> 
     </span>
     <span class='ocr_line' id='line_1_18' title="bbox 295 1034 841 1078; baseline -0.005 -5"><span class='ocrx_word' id='word_1_58' title='bbox 295 1034 430 1073; x_wconf 88' lang='lat' dir='ltr'><strong>adhuc</strong></span> <span class='ocrx_word' id='word_1_59' title='bbox 449 1034 655 1073; x_wconf 89' lang='lat' dir='ltr'><strong>Catonum</strong></span> <span class='ocrx_word' id='word_1_60' title='bbox 672 1034 841 1078; x_wconf 85' lang='lat' dir='ltr'><strong>curiam,</strong></span> 
     </span>
     <span class='ocr_line' id='line_1_19' title="bbox 294 1086 820 1128; baseline -0.006 0"><span class='ocrx_word' id='word_1_61' title='bbox 294 1095 515 1128; x_wconf 90' lang='lat' dir='ltr'><strong>veneratus</strong></span> <span class='ocrx_word' id='word_1_62' title='bbox 534 1088 702 1127; x_wconf 90' lang='lat' dir='ltr'><strong>occultis</strong></span> <span class='ocrx_word' id='word_1_63' title='bbox 721 1086 820 1126; x_wconf 89' lang='lat' dir='ltr'><strong>focis</strong></span> 
     </span>
     <span class='ocr_line' id='line_1_20' title="bbox 296 1141 874 1196; baseline -0.003 -14"><span class='ocrx_word' id='word_1_64' title='bbox 296 1143 507 1196; x_wconf 88' lang='lat' dir='ltr'><strong>Phrygum</strong></span> <span class='ocrx_word' id='word_1_65' title='bbox 525 1147 700 1194; x_wconf 89' lang='lat' dir='ltr'><strong>penates</strong></span> <span class='ocrx_word' id='word_1_66' title='bbox 720 1141 874 1181; x_wconf 89' lang='lat' dir='ltr'><strong>exules.</strong></span> 
     </span>
     <span class='ocr_line' id='line_1_21' title="bbox 349 1195 1052 1237; baseline -0.004 0"><span class='ocrx_word' id='word_1_67' title='bbox 349 1199 496 1237; x_wconf 85' lang='lat' dir='ltr'><strong>Ianum</strong></span> <span class='ocrx_word' id='word_1_68' title='bbox 514 1197 739 1236; x_wconf 87' lang='lat' dir='ltr'><strong>bifrontem</strong></span> <span class='ocrx_word' id='word_1_69' title='bbox 758 1202 801 1235; x_wconf 91' lang='lat' dir='ltr'><strong>et</strong></span> <span class='ocrx_word' id='word_1_70' title='bbox 820 1195 1052 1235; x_wconf 86' lang='lat' dir='ltr'><strong>Sterculum</strong></span> 
     </span>
     <span class='ocr_line' id='line_1_22' title="bbox 296 1252 762 1304; baseline -0.004 -12"><span class='ocrx_word' id='word_1_71' title='bbox 296 1254 394 1292; x_wconf 87' lang='lat' dir='ltr'><strong>colit</strong></span> <span class='ocrx_word' id='word_1_72' title='bbox 412 1258 580 1292; x_wconf 89' lang='lat' dir='ltr'><strong>senatus</strong></span> <span class='ocrx_word' id='word_1_73' title='bbox 599 1252 762 1304; x_wconf 87' lang='lat' dir='ltr'><strong>(horreo</strong></span> 
     </span>
     <span class='ocr_line' id='line_1_23' title="bbox 296 1305 918 1359; baseline -0.005 -12"><span class='ocrx_word' id='word_1_74' title='bbox 296 1314 362 1347; x_wconf 86' lang='lat' dir='ltr'><strong>tot</strong></span> <span class='ocrx_word' id='word_1_75' title='bbox 379 1313 564 1347; x_wconf 89' lang='lat' dir='ltr'><strong>monstra</strong></span> <span class='ocrx_word' id='word_1_76' title='bbox 581 1313 747 1359; x_wconf 91' lang='lat' dir='ltr'><strong>patrum</strong></span> <span class='ocrx_word' id='word_1_77' title='bbox 765 1305 918 1357; x_wconf 87' lang='lat' dir='ltr'><strong>dicere)</strong></span> 
     </span>
     <span class='ocr_line' id='line_1_24' title="bbox 298 1361 792 1402; baseline -0.006 0"><span class='ocrx_word' id='word_1_78' title='bbox 298 1369 342 1402; x_wconf 86' lang='lat' dir='ltr'><strong>et</strong></span> <span class='ocrx_word' id='word_1_79' title='bbox 360 1362 469 1402; x_wconf 87' lang='lat' dir='ltr'><strong>festa</strong></span> <span class='ocrx_word' id='word_1_80' title='bbox 487 1361 653 1401; x_wconf 87' lang='lat' dir='ltr'><strong>Saturni</strong></span> <span class='ocrx_word' id='word_1_81' title='bbox 670 1363 792 1400; x_wconf 89' lang='lat' dir='ltr'><strong>senis.</strong></span> 
     </span>
     <span class='ocr_line' id='line_1_25' title="bbox 350 1414 1062 1469; baseline -0.006 -13"><span class='ocrx_word' id='word_1_82' title='bbox 350 1418 558 1469; x_wconf 87' lang='lat' dir='ltr'><strong>absterge,</strong></span> <span class='ocrx_word' id='word_1_83' title='bbox 577 1416 753 1462; x_wconf 89' lang='lat' dir='ltr'><strong>Christe,</strong></span> <span class='ocrx_word' id='word_1_84' title='bbox 771 1415 848 1454; x_wconf 89' lang='lat' dir='ltr'><strong>hoc</strong></span> <span class='ocrx_word' id='word_1_85' title='bbox 867 1414 1062 1460; x_wconf 86' lang='lat' dir='ltr'><strong>dedecus,</strong></span> 
     </span>
     <span class='ocr_line' id='line_1_26' title="bbox 298 1471 786 1516; baseline -0.006 -5"><span class='ocrx_word' id='word_1_86' title='bbox 298 1475 445 1511; x_wconf 86' lang='lat' dir='ltr'><strong>emitte</strong></span> <span class='ocrx_word' id='word_1_87' title='bbox 465 1471 634 1510; x_wconf 88' lang='lat' dir='ltr'><strong>Gabriel</strong></span> <span class='ocrx_word' id='word_1_88' title='bbox 652 1476 786 1516; x_wconf 91' lang='lat' dir='ltr'><strong>tuum,</strong></span> 
     </span>
     <span class='ocr_line' id='line_1_27' title="bbox 298 1525 881 1579; baseline -0.007 -13"><span class='ocrx_word' id='word_1_89' title='bbox 298 1532 495 1579; x_wconf 87' lang='lat' dir='ltr'><strong>agnoscat</strong></span> <span class='ocrx_word' id='word_1_90' title='bbox 514 1532 563 1565; x_wconf 95' lang='lat' dir='ltr'><strong>ut</strong></span> <span class='ocrx_word' id='word_1_91' title='bbox 579 1539 723 1564; x_wconf 88' lang='lat' dir='ltr'><strong>verum</strong></span> <span class='ocrx_word' id='word_1_92' title='bbox 743 1525 881 1563; x_wconf 88' lang='lat' dir='ltr'><strong>Deum</strong></span> 
     </span>
     <span class='ocr_line' id='line_1_28' title="bbox 299 1580 745 1621; baseline -0.007 0"><span class='ocrx_word' id='word_1_93' title='bbox 299 1595 437 1621; x_wconf 90' lang='lat' dir='ltr'><strong>errans</strong></span> <span class='ocrx_word' id='word_1_94' title='bbox 458 1580 538 1619; x_wconf 92' lang='lat' dir='ltr'><strong>Iuli</strong></span> <span class='ocrx_word' id='word_1_95' title='bbox 556 1582 745 1619; x_wconf 88' lang='lat' dir='ltr'><strong>caecitas.</strong></span> 
     </span>
     <span class='ocr_line' id='line_1_29' title="bbox 352 1634 888 1675; baseline -0.004 -1"><span class='ocrx_word' id='word_1_96' title='bbox 352 1642 396 1675; x_wconf 85' lang='lat' dir='ltr'><strong>et</strong></span> <span class='ocrx_word' id='word_1_97' title='bbox 414 1638 497 1674; x_wconf 90' lang='lat' dir='ltr'><strong>iam</strong></span> <span class='ocrx_word' id='word_1_98' title='bbox 515 1641 707 1674; x_wconf 89' lang='lat' dir='ltr'><strong>tenemus</strong></span> <span class='ocrx_word' id='word_1_99' title='bbox 726 1634 888 1673; x_wconf 88' lang='lat' dir='ltr'><strong>obsides</strong></span> 
     </span>
     <span class='ocr_line' id='line_1_30' title="bbox 300 1689 774 1741; baseline -0.006 -11"><span class='ocrx_word' id='word_1_100' title='bbox 300 1691 514 1730; x_wconf 89' lang='lat' dir='ltr'><strong>fidissimos</strong></span> <span class='ocrx_word' id='word_1_101' title='bbox 533 1689 653 1728; x_wconf 91' lang='lat' dir='ltr'><strong>huius</strong></span> <span class='ocrx_word' id='word_1_102' title='bbox 672 1692 774 1741; x_wconf 89' lang='lat' dir='ltr'><strong>spei,</strong></span> 
     </span>
     <span class='ocr_line' id='line_1_31' title="bbox 298 1743 932 1796; baseline -0.003 -12"><span class='ocrx_word' id='word_1_103' title='bbox 298 1746 364 1784; x_wconf 91' lang='lat' dir='ltr'><strong>hic</strong></span> <span class='ocrx_word' id='word_1_104' title='bbox 383 1758 534 1796; x_wconf 89' lang='lat' dir='ltr'><strong>nempe</strong></span> <span class='ocrx_word' id='word_1_105' title='bbox 552 1747 635 1782; x_wconf 90' lang='lat' dir='ltr'><strong>iam</strong></span> <span class='ocrx_word' id='word_1_106' title='bbox 653 1749 831 1796; x_wconf 86' lang='lat' dir='ltr'><strong>regnant</strong></span> <span class='ocrx_word' id='word_1_107' title='bbox 850 1743 932 1782; x_wconf 90' lang='lat' dir='ltr'><strong>duo</strong></span> 
     </span>
     <span class='ocr_line' id='line_1_32' title="bbox 301 1799 815 1852; baseline -0.006 -13"><span class='ocrx_word' id='word_1_108' title='bbox 301 1799 579 1852; x_wconf 84' lang='lat' dir='ltr'><strong>apostolorum</strong></span> <span class='ocrx_word' id='word_1_109' title='bbox 598 1801 815 1851; x_wconf 89' lang='lat' dir='ltr'><strong>principes,</strong></span> 
     </span>
     <span class='ocr_line' id='line_1_33' title="bbox 353 1854 864 1905; baseline -0.004 -12"><span class='ocrx_word' id='word_1_110' title='bbox 353 1854 459 1893; x_wconf 90' lang='lat' dir='ltr'><strong>alter</strong></span> <span class='ocrx_word' id='word_1_111' title='bbox 476 1859 643 1893; x_wconf 88' lang='lat' dir='ltr'><strong>vocator</strong></span> <span class='ocrx_word' id='word_1_112' title='bbox 660 1855 864 1905; x_wconf 90' lang='lat' dir='ltr'><strong>gentium,</strong></span> 
     </span>
     <span class='ocr_line' id='line_1_34' title="bbox 301 1907 896 1959; baseline -0.005 -11"><span class='ocrx_word' id='word_1_113' title='bbox 301 1909 407 1948; x_wconf 89' lang='lat' dir='ltr'><strong>alter</strong></span> <span class='ocrx_word' id='word_1_114' title='bbox 425 1908 666 1947; x_wconf 85' lang='lat' dir='ltr'><strong>cathedram</strong></span> <span class='ocrx_word' id='word_1_115' title='bbox 684 1907 896 1959; x_wconf 91' lang='lat' dir='ltr'><strong>possidens</strong></span> 
     </span>
    </p>
   </div>
   <div class='ocr_carea' id='block_1_4' title="bbox 542 2027 1068 2072">
    <p class='ocr_par' dir='ltr' id='par_1_4' title="bbox 542 2027 1068 2072">
     <span class='ocr_line' id='line_1_35' title="bbox 542 2027 1068 2072; baseline -0.004 -10"><span class='ocrx_word' id='word_1_116' title='bbox 542 2034 559 2050; x_wconf 79' lang='lat'><em>⁰</em></span> <span class='ocrx_word' id='word_1_117' title='bbox 581 2028 634 2062; x_wconf 86' lang='lat' dir='ltr'><strong>Cf.</strong></span> <span class='ocrx_word' id='word_1_118' title='bbox 651 2029 778 2062; x_wconf 79' lang='lat' dir='ltr'><strong>Contra</strong></span> <span class='ocrx_word' id='word_1_119' title='bbox 793 2027 925 2072; x_wconf 79' lang='lat' dir='ltr'><strong>Symm.</strong></span> <span class='ocrx_word' id='word_1_120' title='bbox 943 2027 972 2068; x_wconf 89' lang='grc' dir='ltr'><strong>Ι,</strong></span> <span class='ocrx_word' id='word_1_121' title='bbox 989 2028 1068 2061; x_wconf 88' lang='grc'>545.</span> 
     </span>
    </p>
   </div>
   <div class='ocr_carea' id='block_1_5' title="bbox 1317 429 1394 470">
    <p class='ocr_par' dir='ltr' id='par_1_5' title="bbox 1317 429 1394 470">
     <span class='ocr_line' id='line_1_36' title="bbox 1317 429 1394 470; baseline 0.026 -2"><span class='ocrx_word' id='word_1_122' title='bbox 1317 429 1394 470; x_wconf 87' lang='grc'><strong>435</strong></span> 
     </span>
    </p>
   </div>
   <div class='ocr_carea' id='block_1_6' title="bbox 1320 702 1398 742">
    <p class='ocr_par' dir='ltr' id='par_1_6' title="bbox 1320 702 1398 742">
     <span class='ocr_line' id='line_1_37' title="bbox 1320 702 1398 742; baseline 0.013 -1"><span class='ocrx_word' id='word_1_123' title='bbox 1320 702 1398 742; x_wconf 91' lang='grc'><strong>440</strong></span> 
     </span>
    </p>
   </div>
   <div class='ocr_carea' id='block_1_7' title="bbox 1323 975 1399 1016">
    <p class='ocr_par' dir='ltr' id='par_1_7' title="bbox 1323 975 1399 1016">
     <span class='ocr_line' id='line_1_38' title="bbox 1323 975 1399 1016; baseline 0.013 -1"><span class='ocrx_word' id='word_1_124' title='bbox 1323 975 1399 1016; x_wconf 92' lang='grc'><strong>445</strong></span> 
     </span>
    </p>
   </div>
   <div class='ocr_carea' id='block_1_8' title="bbox 1327 1523 1402 1563">
    <p class='ocr_par' dir='ltr' id='par_1_8' title="bbox 1327 1523 1402 1563">
     <span class='ocr_line' id='line_1_39' title="bbox 1327 1523 1402 1563; baseline 0.013 -1"><span class='ocrx_word' id='word_1_125' title='bbox 1327 1523 1402 1563; x_wconf 88' lang='grc'><strong>455</strong></span> 
     </span>
    </p>
   </div>
   <div class='ocr_carea' id='block_1_9' title="bbox 1330 1796 1406 1836">
    <p class='ocr_par' dir='ltr' id='par_1_9' title="bbox 1330 1796 1406 1836">
     <span class='ocr_line' id='line_1_40' title="bbox 1330 1796 1406 1836; baseline 0 0"><span class='ocrx_word' id='word_1_126' title='bbox 1330 1796 1406 1836; x_wconf 86' lang='grc'><strong>460</strong></span> 
     </span>
    </p>
   </div>
  </div>
 </body>
</html>
