1456 2358
598 150 960 192 PRUDENTIUS

170 257 443 309 concordique
462 260 559 309 iugo
578 256 807 296 retinacula
823 257 963 295 mollia
980 256 1088 295 ferre

171 315 401 358 constituit,
420 326 502 364 quo
521 312 645 350 corda
662 312 875 350 hominum
894 314 1112 350 coniuncta
1130 317 1296 350 teneret
1311 313 1388 352 590

171 366 379 418 religionis
400 378 536 411 amor3
570 380 646 404 nec
667 369 777 405 enim
796 366 843 405 fit
862 366 1009 418 copula
1027 366 1189 405 Christo

170 421 310 473 digna,
330 424 406 459 nisi
425 421 630 472 inplicitas
650 423 778 460 societ
796 434 912 459 mens
932 423 1052 459 unica
1069 423 1230 473 gentes.

171 476 257 514 sola
278 476 416 514 Deum
434 479 550 514 novit
568 476 797 522 concordia,
816 475 902 514 sola
920 476 1147 528 benignum

168 533 248 568 rite
268 530 366 568 colit
384 530 607 581 tranquilla
627 529 817 569 Patrem:
850 530 1146 581 placidissimus
1163 529 1280 568 illum

170 584 348 623 foederis
367 585 537 623 humani
556 598 776 623 consensus
795 590 1011 636 prosperat
1030 585 1132 630 orbi,
1312 586 1388 626 595

171 639 375 678 seditione
394 639 528 691 fugat,
548 642 679 678 Saevis
700 645 920 691 exasperat
939 642 1075 684 armis,

171 707 343 732 munere
361 697 472 745 pacis
493 694 580 740 alit,
599 696 754 732 retinet
772 697 933 745 pietate
953 697 1107 745 quieta.

170 749 359 787 omnibus
373 751 416 787 in
435 751 554 787 terris
575 762 676 800 quas
690 751 875 787 continet
893 748 1110 787 occidualis

171 816 348 842 oceanus
367 816 568 854 roseoque
588 804 748 842 Aurora
765 804 986 842 inluminat
1004 809 1112 850 ortu,

170 859 372 897 miscebat
389 858 561 897 Bellona
579 857 719 896 furens
737 858 928 896 mortalia
946 864 1095 896 cuncta
1313 860 1389 899 600

171 914 443 964 armabatque
462 911 570 951 feras
588 915 632 951 in
646 913 816 951 vulnera
834 918 981 951 mutua
995 912 1176 951 dextras.

170 967 276 1005 hanc
295 966 530 1006 frenaturus
545 968 708 1009 rabiem
728 968 843 1006 Deus
862 967 1045 1019 undique
1064 973 1213 1020 gentes

169 1021 367 1060 inclinare
386 1028 512 1073 caput
531 1021 672 1060 docuit
690 1022 767 1060 sub
784 1021 946 1074 legibus
964 1021 1096 1060 isdem

172 1076 462 1128 Romanosque
482 1090 624 1115 omnes
644 1076 746 1122 fieri,
765 1090 867 1128 quos
886 1076 1054 1115 Rhenus
1075 1082 1120 1116 et
1138 1077 1294 1123 Hister,

171 1144 273 1182 quos
292 1131 429 1183 Tagus
449 1131 657 1176 aurifluus,
677 1144 778 1182 quos
797 1144 971 1183 magnus
989 1131 1166 1170 inundat
1186 1132 1380 1177 Hiberus,

171 1188 358 1237 corniger
378 1185 656 1237 Hesperidum
675 1199 776 1236 quos
795 1185 1059 1224 interlabitur
1078 1192 1122 1224 et
1141 1199 1242 1237 quos
1313 1188 1390 1227 606

174 1239 341 1291 Ganges
362 1240 436 1279 alit
454 1240 670 1291 tepidique
688 1241 830 1279 lavant
848 1246 1012 1292 septem
1031 1243 1137 1279 ostia
1156 1240 1250 1279 Nili.

171 1297 234 1332 ius
254 1294 354 1333 fecit
373 1307 590 1333 commune
609 1307 728 1346 pares
749 1300 793 1333 et
811 1297 977 1333 nomine
998 1295 1145 1333 eodem

172 1352 319 1388 nexuit
339 1355 383 1388 et
401 1349 578 1388 domitos
598 1348 782 1388 fraterna
799 1351 843 1387 in
861 1349 994 1387 vincla
1011 1349 1186 1402 redegit.

172 1406 323 1442 vivitur
342 1406 570 1456 omnigenis
589 1406 632 1442 in
650 1404 836 1455 partibus
855 1403 967 1442 haud
985 1417 1101 1443 secus
1121 1418 1168 1442 ac
1187 1407 1220 1443 si
1314 1407 1390 1446 610

173 1461 281 1497 cives
301 1461 541 1510 congenitos
561 1458 779 1497 concludat
797 1459 1012 1497 moenibus
1031 1461 1122 1498 unis

173 1513 270 1551 urbs
289 1515 424 1564 patria
444 1519 571 1564 atque
591 1526 732 1552 omnes
751 1513 836 1552 lare
855 1513 1118 1552 conciliemur
1136 1516 1258 1553 avito.

173 1567 377 1606 distantes
396 1570 565 1620 regione
584 1568 733 1620 plagae
752 1567 964 1620 divisaque
983 1574 1111 1620 ponto

171 1622 294 1660 litora
312 1625 562 1661 conveniunt
581 1636 689 1661 nunc
707 1636 782 1674 per
800 1622 1033 1661 vadimonia
1052 1623 1105 1662 ad
1123 1637 1251 1662 unum

175 1682 219 1715 et
238 1690 456 1715 commune
474 1676 623 1722 forum,
642 1691 750 1716 nunc
769 1690 843 1729 per
861 1680 1105 1716 commercia
1124 1683 1169 1716 et
1187 1684 1297 1717 artes
1314 1681 1390 1719 615

175 1731 227 1770 ad
246 1737 413 1770 coetum
431 1731 652 1777 celebrem,
670 1745 779 1770 nunc
797 1745 872 1783 per
890 1732 1068 1784 genialia
1086 1731 1215 1771 fulcra

175 1788 338 1824 externi
358 1786 411 1825 ad
428 1789 490 1825 ius
510 1787 696 1832 conubii3
729 1800 826 1825 nam
845 1789 1044 1839 sanguine
1062 1789 1194 1826 mixto

223 1899 238 1914 ⁴²
263 1894 369 1927 Often
386 1895 589 1927 mentioned
605 1905 644 1927 as
659 1905 681 1927 a
696 1905 818 1927 source
834 1895 874 1927 of
885 1895 1028 1927 alluvial
1043 1895 1135 1937 gold.

225 1938 238 1958 ⁶
262 1938 334 1971 The
354 1939 468 1971 Tiber.
517 1939 589 1971 The
609 1938 735 1980 phrase
754 1939 783 1971 is
803 1939 910 1971 taken
930 1939 1020 1971 from
1039 1939 1101 1972 the
1119 1939 1253 1972 Aeneid
1271 1940 1388 1980 (VIII,

177 1983 246 2021 77).
294 1983 464 2023 Hesperia
481 1982 557 2022 (the
574 1982 657 2015 land
674 1982 715 2015 of
726 1982 788 2015 the
805 1986 901 2020 west,
920 1983 1011 2015 from
1027 1983 1088 2015 the
1105 1982 1218 2016 Greek
1234 1985 1336 2026 point
1352 1984 1394 2017 of

176 2026 279 2066 view)
305 2026 334 2058 is
359 2037 380 2058 a
404 2026 515 2068 poets'
542 2037 645 2059 name
670 2026 725 2059 for
749 2026 855 2068 Italy.
904 2027 1029 2059 Rivers
1053 2037 1112 2060 are
1137 2028 1325 2070 compared
1348 2031 1388 2061 to

176 2069 267 2103 bulls
285 2070 340 2114 (cf.
359 2070 525 2105 Horace’s
542 2069 755 2114 tauriformis
770 2070 952 2113 Aufidus„
982 2071 1090 2104 hence
1106 2071 1266 2114 corniyer.

177 2136 225 2178 54
