1456 2358
584 162 946 204 PRUDENTIUS

159 280 203 313 et
221 286 391 312 manum
409 273 605 324 repressit
622 269 797 308 haerens
818 282 864 308 ac
883 274 1051 319 stupore
1071 265 1298 319 obpalluit:

158 339 233 378 sed
251 345 394 377 tamen
412 339 576 389 peregit
594 339 738 382 ictum,
757 348 810 374 ne
828 336 984 387 periret
1002 333 1145 386 gloria.

210 408 348 443 iamne
367 403 513 449 credis,
529 403 653 441 bruta
668 401 877 454 quondam
895 400 1128 438 Vasconum
1146 397 1374 452 gentilitas,

160 484 285 523 quam
304 483 465 508 sacrum
483 467 659 507 crudelis
680 481 790 506 error
807 465 1031 504 immolarit
1049 464 1320 517 sanguinem?

160 536 292 576 credis
310 538 354 574 in
373 536 512 574 Deum
530 533 683 572 relatos
701 533 929 572 hostiarum
948 531 1142 583 spiritus?
1323 532 1374 571 96

213 615 335 641 cerne
352 614 477 653 quam
492 599 630 652 palam
645 598 802 637 feroces
816 598 884 636 hic
899 597 1121 636 domantur
1136 595 1375 642 daemones,

162 670 233 720 qui
250 668 392 719 lupino
411 672 535 718 capta
552 668 635 704 ritu
650 664 667 689 1
686 665 887 703 devorant
904 662 1158 715 praecordia,

162 733 425 786 strangulant
442 737 606 770 mentes
627 736 671 769 et
688 733 797 782 ipsas
816 742 943 781 seque
962 731 1139 767 miscent
1156 728 1357 767 sensibus.

214 806 314 838 tunc
334 812 407 837 suo
425 800 508 836 iam
526 797 672 850 plenus
690 796 811 835 hoste
830 797 988 834 sistitur
1006 793 1146 833 furens
1163 793 1287 833 homo
1301 795 1376 834 100

164 878 355 918 spumeas
375 864 514 902 efflans
534 862 694 908 salivas,
713 862 840 900 cruda
858 867 1055 913 torquens
1073 859 1243 906 lumina,

165 930 394 984 expiandus
414 931 656 981 quaestione
675 941 758 966 non
776 940 943 966 suorum
961 928 1190 965 criminum.

218 997 375 1042 audias,
394 1009 471 1034 nec
489 1000 623 1034 tortor
641 994 794 1039 adstat,
815 992 992 1032 eiulatus
1011 991 1183 1038 flebiles,

165 1063 363 1102 scinditur
381 1075 456 1113 per
474 1060 603 1113 flagra
621 1072 781 1111 corpus,
800 1071 877 1097 nec
895 1057 1107 1111 flagellum
1125 1059 1320 1104 cernitur,

165 1131 312 1168 crescit
331 1133 375 1166 et
394 1139 614 1179 suspensus
633 1128 721 1178 ipse
739 1124 910 1163 vinculis
928 1124 1168 1163 latentibus.
1303 1125 1378 1164 105

216 1195 279 1233 his
321 1193 454 1232 modis
496 1205 689 1244 spurcum
730 1190 936 1229 latronem
976 1195 1208 1242 martyrum
1249 1191 1379 1228 virtus

272 1262 424 1312 quatit,

166 1327 270 1365 haec
289 1330 465 1370 coercet,
484 1329 667 1375 torquet,
687 1324 784 1368 urit,
802 1321 906 1360 haec
924 1327 1093 1360 catenas
1111 1323 1284 1367 incutit3

167 1392 322 1445 praedo
341 1396 516 1429 vexatus
534 1389 686 1428 relictis
706 1401 750 1427 se
768 1387 960 1427 medullis
980 1389 1108 1426 exuit.

218 1457 370 1509 linquit
387 1455 587 1494 inlaesam
605 1456 806 1506 rapinam,
825 1452 1012 1492 faucibus
1031 1454 1146 1491 siccis
1165 1451 1287 1506 fugit,

168 1536 309 1575 ungue
329 1523 382 1560 ab
400 1524 484 1560 imo
503 1533 634 1572 usque
655 1519 708 1558 ad
726 1518 922 1571 capillum
941 1518 1054 1557 salva
1072 1518 1213 1557 reddit
1231 1520 1384 1564 omnia,

169 1588 370 1628 confitens
390 1586 535 1625 ardere
554 1597 668 1631 sese3
701 1598 798 1623 nam
816 1584 1035 1637 gehennae
1056 1589 1120 1623 est
1138 1583 1285 1623 incola,
1308 1585 1379 1624 111

222 1653 323 1706 quid
339 1653 485 1705 loquar
503 1656 682 1704 purgata
699 1650 832 1702 longis
852 1649 946 1687 alba
964 1650 1116 1688 morbis
1135 1662 1318 1701 corpora,

170 1719 331 1772 algidus
350 1731 445 1756 cum
463 1716 673 1756 decoloros
691 1715 833 1754 horror
852 1720 965 1753 artus
984 1716 1183 1761 concutit,

169 1785 236 1824 hic
254 1790 393 1823 tumor
411 1782 572 1822 vultum
590 1781 800 1833 relinquit,
819 1780 885 1819 hic
904 1779 1014 1819 color
1031 1793 1151 1819 verus
1169 1779 1306 1819 redit?

223 1849 301 1889 hoc
318 1850 475 1888 bonum
494 1847 682 1886 Salvator
699 1849 802 1899 ipse,
822 1859 904 1898 quo
923 1844 1120 1891 fruamur,
1139 1847 1364 1897 praestitit,

170 1920 401 1968 martyrum
420 1927 514 1952 cum
533 1913 721 1951 membra
738 1917 879 1950 nostro
898 1913 1151 1950 consecravit
1170 1911 1338 1962 oppido,

171 1983 377 2033 sospitant
396 1992 502 2031 quae
522 1992 631 2017 nunc
650 1977 813 2017 colonos
833 1990 935 2029 quos
955 1976 1134 2014 Hiberus
1154 1976 1284 2015 alluit.
1312 1976 1386 2015 117

219 2078 233 2099 ¹
256 2079 371 2121 Many
387 2077 425 2121 of
435 2076 488 2111 the
503 2076 587 2111 later
602 2075 645 2111 M
646 2075 711 2111 SS.
727 2075 810 2110 have
824 2075 916 2110 rictu
932 2073 970 2117 (“
984 2073 1071 2109 with
1086 2073 1220 2109 wolfish
1235 2074 1322 2118 jaws
1337 2073 1388 2119 '').

175 2142 246 2182 106
