1456 2358
132 2126 201 2153 120

552 131 914 172 PRUDENTIUS

282 246 443 279 torrens
462 238 528 278 vel
548 241 678 276 amnis
697 237 873 277 turbidis

230 295 397 334 volvens
415 293 579 332 harenis
598 293 792 345 inplicat3

231 349 342 401 quod
360 348 637 387 terrulentum
658 361 704 385 ac
723 347 934 386 sordidum

231 403 406 442 flammis
425 415 594 441 necesse
615 407 679 441 est
698 402 885 453 decoqui.

282 458 416 510 pudor
434 471 508 509 per
528 470 673 495 aurum
692 456 877 502 solvitur,

231 513 408 552 violatur
427 526 526 550 auro
544 514 778 564 integritas,

231 581 313 619 pax
333 567 497 612 oceidit,
517 565 618 604 fides
637 568 761 618 perit,

231 622 346 674 leges
366 627 410 660 et
428 623 542 672 ipsae
561 620 828 659 intercidunt.

285 677 384 728 quid
403 682 450 714 tu
469 689 677 713 venenum
695 674 851 727 gloriae

232 731 397 769 extollis
417 736 462 769 et
480 732 620 782 magni
639 730 789 781 putas?

232 788 266 824 si
286 788 448 837 quaeris
469 798 614 823 aurum
633 786 782 830 verius,

231 840 303 878 lux
323 845 388 878 est
408 845 452 878 et
469 839 697 877 humanum
716 852 861 891 genus.

283 895 326 932 hi
345 900 442 933 sunt
462 893 616 932 alumni
634 893 815 939 luminis,

232 963 334 1002 quos
354 963 500 1001 corpus
520 954 631 986 artat
650 947 802 993 debile,

232 1018 285 1042 ne
305 1017 379 1055 per
397 1003 576 1042 salutem
595 1005 797 1042 viseerum

233 1073 350 1097 mens
370 1058 590 1096 insolescat
608 1057 787 1110 turgida.

284 1127 378 1151 eum
398 1113 585 1151 membra
603 1113 769 1150 morbus
788 1112 959 1157 dissicit,

234 1170 393 1206 animus
412 1170 528 1220 viget
545 1167 765 1212 robustior,

233 1223 428 1261 membris
448 1224 623 1260 vicissim
642 1220 817 1260 fortibus

233 1280 293 1315 vis
312 1279 520 1315 sauciatur
538 1289 746 1315 sensuum.

285 1345 382 1369 nam
401 1333 567 1383 sanguis
586 1333 629 1369 in
647 1331 811 1382 culpam
830 1330 967 1369 calens

233 1389 367 1425 minus
386 1388 595 1424 ministrat
613 1387 760 1423 virium

234 1443 267 1479 si
286 1440 422 1479 fervor
440 1439 588 1479 effetus
607 1440 725 1478 malis

235 1495 400 1534 elumbe
419 1498 528 1533 virus
547 1494 778 1533 contrahat.

286 1552 319 1588 si
338 1549 446 1588 forte
466 1549 590 1588 detur
608 1552 736 1601 optio,

234 1605 375 1643 malim
394 1604 534 1643 dolore
554 1606 778 1655 asperrimo

235 1658 472 1711 fragmenta
489 1659 768 1697 membrorum
787 1661 876 1710 pati

235 1719 279 1752 et
297 1713 468 1765 pulcher
485 1715 597 1752 intus
616 1715 766 1752 vivere.

286 1771 501 1806 committe
521 1767 672 1806 formas
691 1770 872 1819 pestium

235 1828 280 1861 et
299 1821 439 1861 confer
458 1822 638 1861 alternas
657 1822 768 1861 lues:

234 1879 420 1916 carnisne
440 1877 606 1915 morbus
625 1876 797 1922 foedior,

235 1945 288 1970 an
306 1934 458 1970 mentis
479 1937 523 1970 et
540 1945 701 1970 morum
720 1931 886 1971 ulcera?

286 1988 415 2024 nostri
434 1998 508 2038 per
527 1991 640 2024 artus
660 1985 817 2025 debiles

234 2043 345 2079 intus
365 2040 522 2080 decoris
541 2042 693 2093 integri

1266 348 1340 388 195

1265 619 1342 660 200

1266 894 1343 934 205

1267 1168 1343 1207 210

1267 1441 1343 1481 215

1267 1715 1344 1754 220

1266 1988 1342 2027 225
