1456 2358
152 2120 224 2156 208

588 134 950 178 PRUDENTIUS

268 240 415 279 ardens
435 241 681 293 supplicium
700 256 846 294 parare
865 245 997 283 iussus

267 299 498 334 construxit
517 295 674 335 facibus
694 311 840 350 rogum
859 301 1074 350 supremis,

318 353 403 402 qui,
422 351 522 389 dum
541 365 711 403 corpora
729 353 1030 392 concremanda
1044 353 1060 377 1
1080 353 1215 399 solvit,

266 403 475 444 ferventes
496 409 652 444 animas
673 420 812 445 amore
830 407 932 446 lucis

265 458 396 498 fracto
416 464 588 499 carceris
609 461 827 513 expediret
847 468 978 501 antro.

317 520 480 553 certant
499 515 637 554 officiis
656 518 714 567 pii
733 516 917 555 sodales:

263 569 416 620 plantis
436 569 708 609 calciamenta
726 571 934 610 dissolutis

263 637 415 675 pronus
435 624 657 663 detrahere
676 626 875 664 studebat
894 640 1014 673 unus,

315 678 389 717 sed
408 685 574 718 sanctus
594 686 712 719 vetat
731 694 803 718 ora
822 680 1071 720 Fructuosus

262 733 460 772 inclinata
477 737 633 785 premi:
668 734 691 748 “
711 734 947 782 facessite,''
966 739 1116 788 inquit,

263 787 286 802 “
306 801 383 826 nec
402 795 586 827 nostram
605 795 752 841 gravet
771 790 1012 842 obsequella
1029 797 1219 830 mortem.

315 846 461 895 atquin
479 846 567 895 ipse
587 858 701 883 meos
721 845 849 896 pedes
868 845 1085 892 resolvam,

262 911 314 936 ne
334 901 510 950 vestigia
528 899 775 950 praepedita
794 900 935 938 vinclis

261 952 390 991 tardis
409 954 617 1005 gressibus
635 957 804 993 inruant
822 957 865 992 in
883 957 1037 1007 ignem.

312 1021 385 1045 cur
402 1007 588 1046 lamenta
606 1011 745 1061 rigant
763 1022 892 1061 genas
911 1009 1159 1049 madentes?

259 1075 332 1101 cur
350 1065 477 1101 vestri
496 1076 654 1102 memor
673 1069 721 1102 ut
741 1063 837 1102 fiam
855 1065 1039 1116 rogatis?

260 1119 418 1156 cunctis
437 1131 512 1169 pro
530 1118 692 1169 populis
711 1119 866 1170 rogabo
886 1118 1139 1158 Christum.’'

312 1174 379 1210 vix
398 1171 502 1210 haec
522 1172 726 1218 ediderat,
745 1173 908 1211 relaxat
926 1176 1014 1225 ipse

258 1226 504 1265 indumenta
522 1227 692 1278 pedum,
711 1227 827 1266 velut
848 1227 1016 1280 Moyses

260 1281 469 1332 quondam
489 1281 648 1321 fecerat
667 1282 719 1321 ad
738 1283 888 1321 rubum
907 1286 1200 1335 propinquans.

310 1350 393 1374 non
412 1336 571 1375 calcare
590 1350 748 1375 sacram
767 1340 1065 1376 cremationem

260 1396 333 1429 aut
353 1390 518 1429 adstare
540 1391 632 1430 Deo
651 1394 763 1442 prius
781 1391 936 1430 licebat

260 1459 385 1496 quam
404 1449 581 1498 vestigia
599 1460 704 1497 pura
723 1446 962 1501 figerentur.

310 1500 452 1539 stabat
471 1500 582 1539 calce
602 1514 738 1540 mera:
773 1501 949 1540 resultat
970 1515 1065 1540 ecce

258 1554 373 1593 caelo
392 1557 558 1607 spiritus
580 1561 624 1594 et
643 1558 743 1594 serit
761 1556 999 1608 loquellam,

258 1622 366 1662 quae
385 1616 554 1648 cunctos
574 1610 810 1649 tremefecit
830 1611 1071 1650 audientes:

310 1663 334 1678 ‘⁴
353 1678 437 1703 non
456 1670 535 1710 est,
554 1665 727 1711 credite,
746 1679 881 1716 poena
900 1679 1026 1717 quam
1045 1665 1208 1712 videtis,

258 1732 366 1770 quae
385 1725 541 1770 puncto
560 1722 678 1758 tenui
697 1722 826 1758 citata
845 1723 1008 1766 transit,

258 1787 335 1812 nec
353 1776 482 1812 vitam
501 1777 610 1825 rapit
628 1774 713 1820 illa,
733 1775 806 1813 sed
825 1774 1036 1813 reformat.

309 1827 450 1867 felices
471 1831 648 1875 animae,
668 1830 817 1881 quibus
836 1843 911 1881 per
929 1832 1070 1881 ignem

257 1883 367 1921 celsa
385 1883 583 1922 scandere
603 1886 780 1936 contigit
797 1883 1011 1930 Tonantis,

257 1951 359 1989 quas
378 1937 476 1976 olim
495 1937 631 1990 fugiet
649 1941 842 1990 perennis
861 1938 1010 1991 igniS.”

308 1991 411 2030 haec
429 1995 539 2031 inter
558 1993 710 2044 rapidis
730 1992 840 2032 focos
861 1999 1079 2044 crepantes

256 2049 414 2085 intrant
434 2048 620 2098 passibus
641 2053 685 2086 et
703 2050 915 2086 minantur
932 2050 1029 2099 ipsis

1327 355 1378 395 70

1325 629 1376 668 75

1322 1176 1372 1216 85

1321 1723 1370 1762 95

1295 1996 1368 2035 100
