1456 2358
159 2110 228 2145 144

578 110 939 152 PRUDENTIUS

308 223 517 274 proximus
537 219 706 259 occiduo
723 218 836 258 locus
855 223 920 257 est

258 278 328 327 qui
346 275 446 314 tulit
463 275 540 314 hoc
559 274 684 313 decus
704 275 932 326 egregium,

257 331 359 369 urbe
378 335 541 382 potens,
559 329 722 381 populis
740 327 936 379 locuples,

257 385 331 423 sed
348 397 471 437 mage
490 386 690 436 sanguine
709 384 897 434 martyrii

258 442 525 492 virgineoque
543 444 692 490 potens
711 436 847 476 titulo.

309 493 516 532 curriculis
535 493 667 532 tribus
686 497 813 544 atque
832 503 981 529 novem

259 555 344 588 tres
362 549 520 587 hiemes
540 552 689 599 quater
708 547 930 598 adtigerat,

258 617 352 642 cum
371 605 603 655 crepitante
622 615 726 654 pyra
743 600 927 653 trepidos

257 660 408 697 terruit
427 671 573 710 aspera
590 655 814 701 carnifices,

258 712 503 765 supplicium
522 712 599 750 sibi
618 710 737 749 dulce
756 716 860 748 rata.

309 770 392 806 iam
410 767 585 806 dederat
603 768 714 818 prius
732 765 930 804 indicium

258 822 432 861 tendere
452 835 495 860 se
516 819 649 859 Patris
669 820 722 858 ad
740 819 887 858 solium

259 890 335 915 nec
355 890 428 915 sua
446 876 634 914 membra
651 875 790 913 dicata
807 880 921 912 toro:

258 935 347 984 ipsa
366 931 591 983 crepundia
608 929 862 981 reppulerat,

259 986 402 1025 ludere
422 987 560 1024 nescia
577 984 758 1037 pusiola;

310 1053 504 1092 spernere
524 1041 678 1085 sucina,
697 1037 796 1077 flare
811 1037 828 1062 1
846 1050 972 1085 rosas,

258 1095 372 1134 fulva
390 1094 559 1134 monilia
576 1106 785 1146 respuere,

259 1164 329 1189 ore
349 1163 505 1195 severa,
524 1148 714 1188 modesta
731 1147 877 1200 gradu,

259 1206 440 1244 moribus
460 1209 504 1242 et
522 1205 695 1242 nimium
714 1204 867 1241 teneris

260 1262 455 1298 canitiem
473 1258 678 1297 meditata
696 1270 854 1296 senum.

314 1319 377 1352 ast
396 1314 468 1352 ubi
486 1326 530 1352 se
549 1311 702 1351 furiata
719 1311 796 1350 luis

261 1371 417 1407 excitat
434 1370 477 1406 in
495 1366 671 1406 famulos
690 1367 859 1405 Domini

261 1422 606 1474 Christicolasque
625 1426 798 1459 cruenta
815 1420 933 1458 iubet

260 1484 355 1517 tura
373 1490 571 1522 cremare,
589 1479 702 1514 iecur
720 1475 890 1527 pecudis

260 1531 481 1572 mortiferis
501 1531 667 1570 adolere
686 1530 789 1575 deis,

312 1586 526 1625 infremuit
544 1598 658 1624 sacer
676 1584 865 1623 Eulaliae

261 1644 442 1694 spiritus,
460 1643 700 1693 ingeniique
719 1638 835 1678 ferox

261 1696 430 1736 turbida
447 1695 638 1747 frangere
657 1693 769 1733 bella
787 1699 922 1745 parat,

263 1757 307 1790 et
324 1751 427 1789 rude
447 1755 593 1802 pectus
613 1748 763 1787 anhela
782 1748 874 1786 Deo

262 1805 418 1844 femina
435 1809 631 1856 provocat
650 1816 764 1841 arma
781 1805 926 1841 virum.

313 1859 387 1898 sed
405 1862 475 1912 pia
492 1872 591 1897 cura
608 1860 792 1910 parentis
812 1859 900 1909 agit

261 1917 376 1968 virgo
396 1916 579 1953 animosa
597 1913 709 1951 domi
728 1917 775 1950 ut
793 1911 926 1950 lateat

262 1970 407 2008 abdita
423 1982 518 2007 rure
539 1973 582 2006 et
602 1968 653 2006 ab
673 1967 775 2006 urbe
794 1965 949 2018 procul,

261 2038 313 2062 ne
333 2023 421 2061 fera
440 2024 650 2075 sanguinis
669 2023 710 2059 in
730 2023 909 2073 pretium

1316 435 1366 476 10

1317 709 1365 748 15

1315 981 1366 1021 20

1317 1255 1366 1294 25
