1456 2358
169 2122 240 2172 258

599 144 961 185 PRUDENTIUS

277 250 481 302 placanda
500 252 616 289 nobis
636 265 710 302 pro
729 251 948 303 triumphis
967 254 1160 303 principis

277 305 463 351 delubra,
483 305 642 344 faustus
663 311 711 344 ut
729 306 931 344 secundet
949 306 1122 358 gloriam

277 362 525 411 procinctus,
544 366 675 411 utque
695 361 925 413 subiugatis
943 360 1130 399 hostibus

277 414 424 453 ductor
444 417 633 465 quietum
652 414 790 454 frenet
808 415 952 454 orbem
969 415 1143 467 legibus.

329 471 544 521 accingere
565 482 678 521 ergo,
697 472 880 521 quisquis
901 483 959 516 es,
977 472 1243 521 nequissime,

277 537 351 574 pro
369 523 585 575 principali
603 526 682 562 rite
702 525 915 562 nobiscum
934 525 1033 563 deos

277 591 393 616 orare
413 580 499 616 vita
517 578 597 624 vel,
617 579 728 630 quod
746 578 910 617 hostem
928 579 1140 630 publicum

276 635 365 683 pati
383 646 552 671 necesse
573 639 651 678 est,
671 633 783 671 solve
801 647 980 684 poenam
999 636 1212 686 sanguine.

277 689 477 738 sprevisse
496 687 656 738 templa
673 690 878 739 respuisse
898 694 962 726 est
980 687 1250 740 principem.”

1312 417 1389 456 420

1311 689 1387 729 425

327 747 427 779 tunc
445 741 539 780 ille:
574 741 596 755 “
616 756 844 793 numquam
861 756 935 795 pro
955 743 1088 782 salute
1109 749 1153 782 et
1172 745 1361 781 maximis

277 795 591 847 fortissimisque
610 799 803 848 principis
823 797 1059 836 cohortibus

275 850 396 888 aliter
413 852 612 902 precabor
632 865 756 902 quam
776 851 898 890 fidele
917 857 966 891 ut
983 852 1166 891 militent

278 904 514 956 Christique
532 905 711 958 lymphis
730 912 778 944 ut
796 912 1065 945 renascantur
1084 905 1212 952 Patri,

276 963 442 1011 capiant
462 966 505 998 et
524 962 659 1011 ipsum
677 961 850 999 caelitus
871 959 1135 1007 Paraclitum,

327 1020 375 1052 ut
394 1014 596 1052 idolorum
614 1021 814 1066 respuant
832 1015 1066 1068 caliginem,

276 1075 448 1107 cernant
466 1075 514 1107 ut
532 1069 636 1108 illud
653 1069 795 1108 lumen
814 1076 1010 1109 aeternae
1030 1073 1119 1122 spei

274 1137 357 1161 non
376 1123 599 1162 suculentis
618 1123 793 1162 influens
812 1125 1026 1163 obtutibus

275 1191 352 1215 nec
371 1178 600 1229 corporales
620 1192 695 1230 per
714 1178 916 1218 fenestras
938 1181 1131 1225 emicans,

274 1235 385 1283 puris
406 1233 479 1271 sed
497 1235 608 1271 intus
629 1234 740 1284 quod
759 1233 918 1272 relucet
936 1234 1158 1272 mentibus.

326 1287 484 1338 pupilla
502 1290 633 1326 carnis
653 1301 787 1326 crassa
806 1302 986 1326 crassum
1004 1291 1215 1340 perspicit,

276 1347 321 1379 et
339 1355 403 1379 res
423 1342 578 1380 caduca
597 1342 708 1393 quod
726 1343 1015 1381 resolvendum
1035 1349 1099 1381 est
1117 1343 1255 1381 videt:

273 1395 438 1447 liquidis
458 1396 644 1435 videndis
664 1403 785 1448 aptus
806 1403 870 1435 est
890 1400 1051 1435 animae
1069 1397 1225 1449 liquor3

274 1456 424 1488 natura
442 1450 604 1489 fervens
624 1451 710 1490 sola
729 1450 1056 1490 ferventissimae

274 1504 501 1543 divinitatis
521 1508 603 1543 vim
622 1512 906 1544 coruscantem
926 1509 1049 1558 capit.

325 1559 402 1598 hoc
422 1566 520 1611 opto
539 1560 681 1598 lumen
699 1563 924 1612 imperator
942 1563 1104 1600 noverit

273 1619 370 1652 tuus
389 1627 604 1666 meusque,
624 1617 657 1653 si
676 1615 777 1654 velit
796 1615 884 1654 fieri
903 1628 1043 1660 meus3

274 1682 370 1706 nam
389 1671 422 1707 si
442 1671 597 1708 resistit
616 1669 848 1708 Christiano
867 1673 1037 1715 nomini,

273 1737 389 1762 meus
408 1723 478 1761 ille
498 1724 592 1762 talis
611 1726 836 1776 imperator
854 1739 936 1763 non
957 1727 1057 1763 erit:

273 1777 404 1816 scelus
423 1779 598 1824 iubenti,
617 1779 754 1825 crede,
772 1792 999 1830 numquam
1018 1778 1236 1817 serviam.’'

326 1831 348 1845 “
369 1835 502 1878 statis,
521 1834 725 1871 ministri?
746 1832 769 1846 ’'
789 1833 1005 1872 clamitans
1024 1833 1149 1872 iudex
1170 1836 1242 1879 ait,

274 1885 296 1899 “
317 1889 435 1926 statis
454 1901 684 1938 manusque
704 1891 924 1927 continetis
943 1888 1153 1927 vindices?

272 1955 354 1978 non
373 1947 496 1992 rupta
515 1941 635 1980 sulcis
655 1942 867 1981 dissecatis
887 1945 1055 1988 viscera,

1310 962 1387 1002 430

1309 1235 1384 1275 435

1307 1507 1384 1547 440

1306 1780 1381 1819 445

1437 2205 1456 2358 &⁴¹³issssaffl*
1442 2162 1456 2194 (21
1437 2127 1456 2154 *ku
1446 2070 1456 2119 sm..)
1446 2051 1456 2062 ἰ
1446 2034 1456 2043 ³*
1448 2023 1456 2027 ι
1435 1981 1456 2012 ιτω
1446 1950 1456 1970 »μ’
