1456 2358
598 142 960 183 PRUDENTIUS

169 247 316 287 laetior
333 251 495 287 interea
511 251 595 286 iam
613 248 808 287 Thascius
827 250 880 288 ob
899 249 1011 288 diem
1029 263 1195 289 suorum

140 309 142 311 Ι
168 328 327 364 sistitur
345 325 535 365 indomiti
553 326 805 377 proconsulis
825 329 984 365 eminus
1004 326 1143 367 furori.

169 403 293 441 edere
312 406 442 441 iussus
461 409 552 442 erat
570 403 670 454 quid
687 406 867 443 viveret:
899 403 922 417 “
943 404 1189 452 unicultor,'’
1206 408 1356 458 inquit,

169 478 191 493 ‘⁴
212 480 332 518 trado
351 479 554 519 salutiferi
572 484 772 533 mysteria
791 488 1031 521 consecrata
1050 481 1246 522 Christi.'’
1335 486 1382 524 91

165 557 235 596 ille
253 558 329 596 sub
346 557 472 596 haec:
506 557 528 571 “
548 561 647 597 satis
667 564 731 597 est
747 561 830 597 iam
847 561 1040 606 criminis,
1057 562 1146 612 ipse
1163 559 1387 600 confitetur

166 634 377 680 Thascius,
396 638 483 687 ipse
504 636 610 674 Iovis
630 635 788 674 fulmen
806 642 947 689 negat.
967 637 1165 688 expedite
1183 637 1352 685 ferrum,

167 711 391 758 carnifices,
409 713 549 764 gladio
567 726 746 764 poenam
764 713 854 752 luat
872 714 1000 752 hostis
1018 714 1264 754 idolorum.”

164 789 235 827 ille
255 789 348 828 Deo
365 793 534 829 meritas
552 796 692 842 grates
712 794 800 843 agit
819 797 862 830 et
880 794 992 830 canit
1009 792 1282 844 triumphans.
1334 795 1385 834 95

218 866 333 906 flevit
350 867 462 906 abire
480 870 612 906 virum
628 874 790 907 maesta
806 867 960 915 Africa,
978 882 1059 921 quo
1076 869 1254 909 docente
1270 869 1384 909 facta

273 950 337 983 est

165 1021 326 1068 cultior,
347 1021 510 1073 eloquio
529 1025 643 1061 cuius
663 1023 741 1061 sibi
759 1022 883 1062 docta
901 1023 1124 1076 gloriatur;

166 1112 262 1138 mox
282 1099 490 1138 tumulum
507 1099 724 1138 lacrimans
743 1103 896 1139 struxit
914 1103 1155 1153 cineresque
1175 1114 1385 1140 consecra-

270 1179 341 1215 vit.

164 1253 307 1292 desine
327 1253 426 1292 flere
446 1255 601 1293 bonum
620 1261 800 1301 tantum,
820 1261 940 1294 tenet
958 1255 1028 1294 ille
1047 1269 1177 1308 regna
1195 1255 1314 1302 caeli,

165 1344 242 1369 nec
255 1334 389 1369 minus
403 1331 595 1370 involitat
608 1335 727 1371 terris
742 1345 819 1371 nec
835 1333 887 1371 ab
900 1332 978 1371 hoc
991 1333 1150 1372 recedit
1163 1333 1262 1372 orbe
1276 1346 1286 1372 ι
1308 1335 1383 1374 100

164 1408 342 1454 disserit,
362 1408 582 1460 eloquitur,
601 1415 770 1455 tractat,
788 1409 925 1456 docet,
943 1412 1125 1457 instruit,
1142 1409 1383 1462 prophetat.

165 1499 241 1523 nec
256 1484 414 1538 Libyae
427 1486 599 1537 populos
612 1493 779 1525 tantum
791 1489 923 1539 regit3
944 1490 1031 1526 exit
1046 1501 1176 1539 usque
1191 1490 1233 1525 in
1246 1493 1384 1526 ortum

164 1562 259 1601 solis
277 1569 321 1601 et
338 1576 469 1614 usque
487 1564 661 1610 obitum,
680 1564 820 1602 Gallos
838 1563 966 1610 fovet,
983 1565 1119 1603 inbuit
1135 1563 1368 1611 Britannos,

164 1640 375 1690 praesidet
396 1640 639 1692 Hesperiae,
660 1641 870 1680 Christum
889 1644 989 1680 serit
1009 1642 1164 1680 ultimis
1185 1641 1365 1688 Hiberis,

165 1717 345 1768 denique
377 1717 522 1756 doctor
553 1718 667 1756 humi
700 1724 778 1765 est,
810 1719 921 1757 idem
954 1732 1119 1770 quoque
1151 1724 1310 1772 martyr
1339 1721 1382 1756 in

269 1797 470 1846 supernis,
1305 1797 1381 1836 105

165 1874 332 1910 instruit
350 1871 415 1910 hic
433 1871 634 1919 homines,
652 1872 763 1912 illinc
780 1875 850 1925 pia
867 1860 976 1911 dona
994 1873 1068 1911 dat
1084 1878 1295 1924 patronus.

163 2109 236 2157 336
