1456 2358
566 153 930 193 PRUDENTIUS

139 262 298 298 texitur
317 259 486 298 alternis
506 273 558 297 ex
577 259 772 310 gentibus
792 272 874 297 una
892 272 1088 310 propago.

140 314 216 352 hoc
236 320 376 352 actum
396 320 460 352 est
478 317 606 352 tantis
626 314 878 352 successibus
899 319 1025 365 atque
1045 311 1263 364 triumphis

141 369 315 406 Romani
334 371 518 419 imperii:
553 368 715 406 Christo
733 370 816 406 iam
835 373 934 406 tunc
953 370 1152 413 venienti,
1283 369 1359 407 620

140 423 277 468 crede,
296 429 443 474 parata
461 425 527 460 via
547 429 624 468 est,
645 436 770 474 quam
788 422 946 461 dudum
964 422 1129 474 publica
1146 418 1313 460 nostrae

140 480 251 529 pacis
272 480 452 516 amicitia
471 480 623 516 struxit
642 477 923 515 moderamine
943 477 1111 515 Romae.

140 546 238 570 nam
256 532 367 570 locus
388 545 477 570 esse
499 532 591 570 Deo
610 534 701 583 quis
719 537 860 583 posset
878 534 920 569 in
939 532 1038 570 orbe
1058 531 1184 569 feroci

140 588 459 638 pectoribusque
480 587 692 624 hominum
711 586 963 624 discordibus
985 592 1028 624 et
1047 599 1120 624 sua
1138 588 1228 624 iura

139 641 324 679 dissimili
343 644 503 679 ratione
523 642 751 686 tuentibus,
771 647 818 679 ut
837 640 916 679 fuit
935 641 1060 679 olim?
1283 642 1359 681 625

141 699 197 733 sic
216 699 492 747 inconpositos
512 696 692 734 humano
711 698 754 733 in
772 701 941 747 pectore
961 708 1103 734 sensus

140 750 448 802 disiunctasque
469 753 594 788 animi
613 751 782 788 turbato
801 749 969 788 foedere
988 755 1128 801 partes

141 819 216 843 nec
235 805 392 856 liquida
409 807 548 843 invisit
567 807 771 856 sapientia
790 818 866 843 nec
887 805 1001 843 Deus
1020 807 1161 843 intrat.

141 866 185 898 at
205 862 237 898 si
257 862 408 898 mentis
429 873 535 911 apex
555 859 757 911 regnandi
775 862 863 897 iure
882 861 1039 911 potitus

140 917 338 966 pugnacis
358 914 558 953 stomachi
577 914 718 966 pulsus
738 914 943 965 fibrasque
962 913 1138 952 rebelles
1284 916 1360 955 630

140 968 278 1007 frenet
299 975 342 1007 et
362 982 484 1007 omne
503 971 616 1007 iecur
634 971 794 1007 ratione
813 974 1002 1009 coerceat
1021 982 1117 1014 una,

141 1023 188 1061 fit
208 1024 366 1062 stabilis
386 1026 496 1062 vitae
516 1029 665 1069 status,
685 1028 730 1062 et
748 1025 958 1062 sententia
976 1029 1091 1062 certa

141 1078 279 1116 haurit
298 1078 421 1116 corde
442 1078 580 1116 Deum
599 1077 765 1116 domino
786 1083 830 1116 et
848 1078 1110 1130 subiungitur
1128 1079 1211 1116 uni.

196 1146 248 1170 en
262 1132 374 1178 ades,
389 1132 678 1183 Omnipotens,
691 1132 958 1171 concordibus
970 1131 1097 1170 influe
1109 1134 1229 1171 terris
1243 1145 1252 1170 t
1284 1133 1360 1172 634

141 1190 224 1225 iam
244 1187 421 1225 mundus
442 1193 500 1233 te,
520 1187 697 1232 Christe,
717 1189 843 1238 capit,
863 1200 988 1238 quem
1007 1199 1212 1239 congrege
1231 1200 1344 1225 nexu

141 1255 223 1292 pax
245 1248 288 1280 et
308 1242 439 1280 Roma
458 1247 618 1280 tenent.
674 1244 811 1292 capita
829 1241 932 1279 haec
952 1247 996 1280 et
1014 1241 1192 1279 culmina
1209 1254 1347 1280 rerum

143 1309 233 1334 esse
252 1297 384 1342 iubes,
403 1309 479 1334 nec
499 1296 631 1334 Roma
649 1297 725 1334 tibi
745 1299 832 1334 sine
851 1309 953 1347 pace
972 1296 1184 1347 probatur,

143 1356 187 1388 et
206 1364 288 1401 pax
308 1357 355 1389 ut
374 1351 538 1402 placeat
557 1349 656 1389 facit
676 1350 923 1388 excellentia
942 1350 1112 1396 Romae,

143 1418 250 1456 quae
271 1411 406 1443 motus
426 1408 557 1443 varios
577 1404 697 1443 simul
717 1411 760 1443 et
779 1405 939 1443 dicione
959 1411 1122 1443 coercet

144 1465 187 1498 et
207 1465 364 1498 terrore
383 1462 558 1511 premit3
592 1473 668 1497 nec
689 1461 799 1498 enim
817 1459 992 1511 spoliata
1010 1461 1153 1511 prioris
1285 1461 1361 1500 640

142 1515 288 1552 robore
308 1517 470 1553 virtutis
490 1517 628 1553 senuit
646 1527 723 1552 nec
742 1514 906 1552 saecula
924 1516 1066 1560 sensit,

142 1582 219 1607 nec
238 1569 439 1614 tremulis,
459 1583 553 1607 cum
571 1569 682 1607 bella
699 1574 862 1614 vocant,
881 1572 993 1620 capit
1011 1582 1125 1608 arma
1142 1568 1320 1615 lacertis,

142 1637 219 1661 nec
238 1629 326 1662 tam
345 1623 542 1676 degeneri
562 1623 805 1662 venerandis
825 1623 1029 1676 supplicat
1047 1637 1117 1662 ore

146 1762 148 1765 '
190 1763 204 1778 ‘¹
228 1759 300 1791 The
322 1759 468 1801 gradual
490 1760 672 1791 extension
693 1759 734 1792 of
752 1760 891 1792 Roman
914 1759 1119 1802 citizenship
1142 1759 1359 1802 culminated

144 1802 180 1834 in
193 1804 269 1839 212,
283 1804 382 1836 when
395 1803 456 1835 the
468 1803 562 1836 edict
574 1803 614 1835 of
621 1803 800 1836 Caracalla
811 1803 913 1836 made
924 1804 954 1836 it
964 1803 1171 1846 practically
1182 1804 1359 1837 universal

143 1846 364 1889 throughout
383 1847 444 1879 the
464 1847 605 1889 empire,
626 1858 665 1880 so
684 1847 766 1880 that
786 1847 884 1880 there
903 1858 992 1880 were
1010 1858 1090 1880 now
1109 1858 1155 1880 no
1171 1848 1356 1890 pemqrini,

143 1890 198 1922 i.e.
221 1891 377 1932 subjects
399 1891 439 1923 of
457 1891 570 1923 Rome
591 1891 743 1924 without
765 1891 1029 1934 citizen-rights.
1075 1890 1197 1924 Under
1217 1892 1278 1924 the
1299 1892 1359 1926 old

143 1938 276 1975 system
301 1935 471 1977 marriage
495 1935 583 1977 fully
606 1935 808 1978 recognised
831 1935 879 1977 by
903 1935 1042 1968 Roman
1064 1934 1131 1968 law
1155 1935 1312 1968 between
1335 1947 1357 1969 a

144 1978 282 2010 Roman
302 1979 372 2011 and
392 1990 413 2011 a
428 1979 608 2019 pereqrina
627 1990 667 2011 or
681 1979 882 2020 pereqrinus
900 1989 970 2011 was
989 1981 1053 2011 not
1071 1978 1223 2022 possible
1241 1979 1358 2013 unless

142 2022 203 2054 the
224 2023 388 2064 privilege
408 2022 479 2054 had
499 2022 585 2054 been
605 2022 816 2065 specifically
835 2023 1014 2056 conferred
1033 2033 1079 2055 on
1098 2023 1159 2056 the
1179 2023 1358 2066 peregrine

142 2067 362 2113 community
385 2067 588 2104 concerned.
636 2067 709 2103 The
731 2067 921 2102 sentiment
943 2067 983 2100 of
1001 2067 1100 2100 these
1121 2067 1208 2100 lines
1229 2067 1258 2100 is
1281 2067 1356 2101 also

142 2129 189 2177 56
