1456 2358
600 138 962 182 PRUDENTIUS

334 259 479 283 aurum
498 251 711 298 regestum
730 260 867 285 nonne
886 250 998 286 carni
1017 248 1275 301 adquiritur?

281 299 414 337 inlusa
433 303 572 346 vestis,
591 314 772 352 gemma,
791 302 989 354 bombyx,
1007 317 1191 355 purpura

281 356 323 392 in
342 357 473 392 carnis
493 368 613 393 usum
631 355 744 394 mille
765 362 1020 407 quaeruntur
1037 358 1156 404 dolis,

280 409 400 447 luxus
420 409 591 448 vorandi
609 412 740 448 carnis
761 413 944 449 arvinam
963 411 1091 458 fovet,

281 466 412 501 carnis
431 463 620 515 voluptas
640 478 762 503 omne
780 478 856 516 per
873 465 991 505 nefas
1009 470 1105 506 ruit.
1313 471 1390 511 515

332 518 515 564 medere,
536 532 704 570 quaeso,
723 519 922 566 carnifex,
940 524 1069 560 tantis
1088 521 1221 569 malis,

280 573 464 618 concide,
483 586 606 625 carpe
625 572 815 613 fomitem
832 578 1133 626 peccaminum,

281 627 346 664 fac
364 633 412 666 ut
430 634 591 666 resecto
611 628 759 667 debilis
778 632 909 668 earnis
928 633 1011 669 situ

280 681 421 720 dolore
442 683 494 720 ab
513 685 625 720 omni
643 696 759 722 mens
779 687 957 735 supersit
974 685 1106 724 libera

280 749 358 774 neo
375 742 517 788 gestet
535 737 645 775 ultra
664 738 775 789 quod
793 744 994 790 tyrannus
1014 746 1218 792 amputet.
1313 743 1391 783 520

332 804 409 829 1100
428 794 620 830 terrearis
639 793 763 830 turba
782 796 1159 833 circumstantium:

280 845 357 884 hoc
375 846 504 897 perdo
523 846 656 885 solum
676 847 787 898 quod
804 849 958 899 peribit
972 850 1180 895 omnibus,

280 902 382 952 regi,
401 900 557 946 clienti,
575 904 832 953 pauperique
853 909 897 941 et
915 903 1056 948 diviti3

280 957 336 992 sic
355 955 632 1001 vernularum,
652 959 708 994 sic
727 963 966 996 senatorum
984 971 1078 997 caro

279 1010 458 1048 tabescit
476 1012 558 1048 imo
578 1023 672 1048 cum
691 1011 878 1062 sepulcro
897 1012 1064 1051 condita
1084 1019 1160 1052 est.
1311 1016 1387 1056 525

330 1066 489 1102 iactura
507 1064 597 1103 vilis
616 1066 780 1104 mordet
800 1072 844 1104 et
862 1066 1060 1105 damnum
1078 1067 1169 1106 leve

278 1121 325 1163 si,
346 1132 427 1170 quo
446 1119 671 1158 carendum
691 1126 769 1166 est,
787 1121 963 1172 perdere
983 1125 1313 1162 extimescimus:

278 1186 363 1218 cur,
383 1173 494 1225 quod
513 1187 681 1213 necesse
702 1181 780 1221 est,
799 1189 882 1214 non
900 1176 1090 1215 voluntas
1109 1178 1312 1230 occupat?

279 1233 428 1266 natura
446 1241 518 1266 cur
536 1242 619 1266 non
637 1232 764 1268 vertit
781 1232 825 1268 in
843 1243 932 1268 rem
950 1231 1134 1283 gloriae?

279 1282 413 1334 legale
433 1282 631 1321 damnum
650 1283 899 1335 deputemus
917 1288 1124 1337 praemiis.
1311 1289 1389 1328 530

329 1337 404 1375 sed
421 1340 699 1388 praemiorum
718 1338 850 1377 forma
869 1353 976 1391 quae
996 1343 1050 1379 sit
1068 1339 1244 1380 fortibus

277 1391 503 1437 videamus,
522 1392 594 1430 illa
612 1406 764 1444 nempe
783 1407 891 1445 quae
910 1408 1138 1446 numquam
1155 1398 1277 1447 perit.

276 1445 392 1484 03010
410 1445 571 1484 refusus
591 1447 825 1486 subvolabit
844 1451 1025 1499 spiritus,

279 1500 360 1538 Dei
378 1503 562 1551 parentis
581 1501 818 1552 perfruetur
835 1502 991 1541 lumine

275 1561 478 1607 regnante
499 1555 662 1594 Christo
681 1562 795 1595 stans
813 1560 856 1595 in
876 1571 968 1596 arce
988 1561 1114 1610 regia.
1308 1562 1386 1602 535

328 1610 577 1661 quandoque
597 1610 758 1649 caelum
777 1625 853 1650 ceu
871 1612 976 1651 liber
994 1613 1228 1664 plicabitur,

275 1664 398 1702 cadet
417 1667 543 1703 rotati
562 1664 657 1703 solis
676 1668 719 1703 in
738 1672 892 1704 terram
910 1667 1072 1719 globus,

275 1718 468 1769 spheram
486 1721 605 1757 ruina
623 1721 921 1759 menstrualem
939 1721 1151 1768 destruet3

276 1772 391 1811 Deus
411 1779 620 1824 superstes
640 1774 748 1813 solus
769 1781 813 1814 et
831 1778 929 1814 iusti
948 1776 1069 1815 simul

213 1885 229 1901 ⁰
252 1881 306 1923 Cf.
328 1883 447 1915 Isaiah
470 1884 594 1923 xxxiV,
618 1885 652 1922 4,
676 1883 887 1917 Revelation
906 1885 955 1923 vi,
977 1886 1098 1919 13-14.
1145 1886 1219 1919 The
1237 1886 1388 1920 allusion

167 1925 197 1956 is
222 1928 261 1957 to
284 1926 346 1958 the
366 1927 507 1959 ancient
525 1926 618 1958 form
641 1927 682 1959 of
702 1927 806 1966 book,
830 1931 869 1961 to
892 1929 1007 1961 which
1029 1929 1092 1962 the
1115 1933 1206 1963 term
1231 1930 1386 1964 volwmen
1454 1940 1456 1942 ·

168 1969 341 2020 properly,
357 1970 502 2012 applies,
520 1970 582 2002 the
598 1970 681 2013 long
698 1971 763 2004 roll
780 1972 820 2004 of
839 1983 997 2014 papyrus
1014 1983 1060 2005 on
1076 1973 1191 2007 which
1207 1974 1270 2007 the
1287 1975 1381 2008 writ-

168 2013 227 2054 ing
244 2023 315 2045 was
332 2024 368 2063 ln
386 2013 544 2046 columns
567 2015 836 2056 perpendicular
852 2019 891 2048 to
907 2016 969 2049 the
985 2016 1119 2059 length.
1166 2017 1241 2051 The
1262 2018 1387 2052 reader
1447 2027 1456 2069 ’Λ

167 2055 327 2088 11111011οᾶ
343 2061 371 2089 it
390 2057 476 2090 with
494 2068 559 2090 one
577 2057 673 2091 hand
696 2059 768 2092 and
786 2059 897 2092 rolled
919 2060 949 2092 it
968 2071 1018 2103 up
1037 2061 1123 2093 with
1143 2061 1205 2094 the
1225 2061 1328 2095 other
1346 2071 1386 2095 as
1454 2083 1456 2107 :

169 2119 242 2166 264
