1456 2358
161 2122 235 2157 240

584 128 946 170 PRUDENTIUS

259 235 470 274 muliebris
490 238 568 275 oris
589 236 749 275 clausus
770 243 943 289 argento
963 237 1096 282 sedet,

260 303 386 342 quem
404 290 504 329 dum
523 291 577 329 ad
594 291 803 329 lavacrum
820 291 1060 343 praeeundo
1079 291 1229 330 ducitis

260 345 388 397 pedes
407 348 577 384 remotis
597 351 829 384 atterentes
849 346 1010 392 calceis,

260 399 446 438 Almonis
465 413 596 451 usque
615 403 840 452 pervenitis
859 401 1048 439 rivulum.
1150 429 1153 434 -
1297 402 1372 441 160

312 454 413 506 quid
429 454 502 492 illa
519 458 650 506 turpis
669 456 850 506 pompa?
884 468 1035 507 nempe
1054 454 1256 507 ignobiles

260 522 330 547 vos
351 522 440 547 esse
459 515 678 555 monstrat,
698 523 792 548 cum
810 509 967 562 luperci
985 512 1160 548 curritis.

261 577 386 615 quem
405 564 659 602 servulorum
678 578 761 602 non
779 578 872 603 rear
889 564 1144 611 vilissimum,

260 618 395 656 nudus
414 618 575 670 plateas
595 621 628 657 si
647 632 722 670 per
740 632 882 657 omnes
902 621 1103 658 cursitans

260 673 399 724 pulset
417 673 576 725 puellas
595 674 767 712 verbere
786 676 889 712 ictas
907 673 1092 712 ludicro?
1298 675 1372 715 165

312 730 483 766 miseret
501 733 668 766 tuorum
686 742 754 766 me
774 742 982 767 sacrorum
1001 734 1045 767 et
1063 730 1295 780 principum

261 795 520 834 morumque,
540 783 685 828 Roma,
705 783 859 821 saeculi
877 797 1084 821 summum
1103 789 1242 835 caput.

262 850 340 889 age
361 837 628 888 explicemus,
648 840 682 876 si
700 837 854 889 placet,
872 840 1086 890 mysteria,

261 891 488 943 praefecte,
507 897 667 930 vestra:
700 895 783 930 iam
802 905 971 931 necesse
991 898 1056 931 est
1075 892 1232 939 audias,

261 946 365 984 nolis
383 946 554 992 velisne,
574 946 674 998 quid
692 947 835 985 colatis
855 947 1049 986 sordium.
1299 949 1374 988 170

313 1014 390 1039 nec
409 1007 541 1039 terret
559 1004 653 1047 ista,
673 1015 755 1053 qua
774 1007 925 1048 tumes,
944 1004 1125 1048 vesania,

263 1055 374 1107 quod
392 1055 620 1102 vultuosus,
641 1056 751 1107 quod
770 1059 954 1108 supinus,
974 1056 1086 1108 quod
1102 1059 1241 1109 rigens

261 1116 473 1148 tormenta
490 1110 566 1148 leti
585 1113 844 1149 comminaris
864 1114 1021 1162 asperi:

262 1167 296 1203 si
314 1178 382 1203 me
401 1178 567 1203 movere
586 1166 709 1203 rebus
728 1165 822 1204 ullis
841 1168 999 1211 niteris,

262 1222 423 1258 ratione
442 1233 620 1266 mecum,
640 1234 722 1258 non
741 1219 892 1270 futore,
912 1220 1074 1259 dimica.
1299 1221 1374 1262 175

314 1275 446 1320 iubes,
465 1274 618 1312 relictis
638 1273 771 1313 Patris
792 1280 836 1314 et
855 1274 1008 1313 Christi
1025 1277 1163 1322 sacris,

263 1334 311 1367 ut
329 1334 470 1367 tecum
489 1328 658 1367 adorem
677 1328 852 1367 feminas
871 1329 984 1367 mille
1004 1343 1051 1367 ac
1070 1342 1219 1376 mares,

263 1383 364 1422 deas
383 1383 582 1435 deosque,
601 1383 738 1435 deque
757 1397 860 1422 sexu
878 1383 1031 1435 duplici

264 1444 398 1484 natos,
417 1443 607 1489 nepotes,
627 1438 856 1490 abnepotes
877 1438 1011 1477 editos

264 1498 308 1531 et
326 1498 392 1531 tot
410 1498 646 1544 stuprorum
665 1493 872 1531 sordidam
891 1495 1136 1545 prosapiam.
1299 1494 1373 1533 180

316 1547 480 1585 nubunt
498 1547 677 1599 puellae,
697 1561 821 1599 saepe
839 1547 1040 1586 luduntur
1058 1547 1176 1594 dolis,

264 1604 521 1640 amasionum
539 1605 867 1654 comprimuntur
884 1601 1113 1648 fraudibus,

263 1659 423 1695 incesta
441 1655 619 1701 fervent,
638 1655 751 1695 furta
769 1656 1034 1695 moechorum
1053 1657 1205 1703 calent,

264 1710 372 1749 fallit
390 1713 577 1756 maritus,
597 1711 685 1749 odit
704 1725 807 1749 uxor
825 1711 1041 1762 paelicem,

264 1766 364 1804 deos
383 1771 557 1804 catenae
577 1765 788 1818 conligant
808 1766 1030 1804 adulteros.
1301 1767 1375 1807 185

317 1820 506 1866 ostende,
526 1833 695 1871 quaeso,
715 1833 816 1872 quas
837 1820 890 1858 ad
909 1833 998 1858 aras
1017 1823 1218 1872 praecipis

265 1887 436 1913 vervece
456 1888 576 1913 caeso
595 1873 730 1913 fumet
749 1880 797 1913 ut
816 1888 985 1926 caespes
1004 1875 1149 1913 meus?

266 1928 505 1980 Delphosne
524 1930 724 1981 pergam?
779 1929 853 1967 sed
871 1935 989 1968 vetat
1006 1929 1241 1981 palaestrici

408 2050 423 2066 ⁴²
447 2045 510 2079 See
526 2049 611 2079 note
627 2056 673 2079 on
691 2046 817 2079 Contra
833 2045 965 2088 Symm.
982 2045 1032 2086 ΙΙ,
1050 2046 1128 2081 862.
