1456 2358
168 2095 238 2134 130

585 98 946 139 PRUDENTIUS
983 148 987 154 ι

264 207 394 246 talem
411 213 624 246 revertens
643 205 791 259 legifer

265 262 318 301 de
337 267 480 302 monte
499 261 661 300 vultum
679 261 846 307 detulit,

319 317 476 356 Iudaea
495 330 620 368 quem
637 315 757 368 plebs
775 329 901 354 aureo

264 372 370 410 bove
389 374 606 423 inquinata
625 376 669 409 et
687 369 852 409 decolor

267 428 435 478 expavit
455 432 499 464 et
517 425 666 464 faciem
684 431 796 463 retro

267 481 442 519 detorsit
459 483 666 532 inpatiens
687 480 781 518 Dei.

316 535 529 587 talemque
550 541 593 574 et
610 534 681 573 ille
700 533 900 586 praetulit

266 592 345 628 oris
364 592 519 628 corusci
537 589 710 642 gloriam

267 644 501 695 Stephanus
520 657 595 695 per
612 644 788 682 imbrem
806 656 978 681 saxeum

266 699 400 738 caelos
420 704 586 751 apertos
603 701 783 737 intuens.

317 753 610 792 inluminatum
628 752 706 792 hoc
726 755 885 791 eminus

267 821 410 847 recens
428 811 552 860 piatis
571 807 781 853 fratribus,

266 863 474 915 baptisma
493 876 594 914 quos
613 876 746 913 nuper
764 862 910 900 datum

267 917 420 956 Christi
439 930 610 969 capaces
630 916 810 961 fecerat3

320 978 384 1011 ast
401 974 607 1024 inpiorum
626 974 818 1017 caecitas,

267 1041 311 1066 os
331 1027 508 1066 oblitum
525 1028 657 1066 noctis
676 1029 758 1065 situ

267 1084 459 1134 nigrante
478 1082 555 1120 sub
573 1081 779 1119 velamine

268 1136 463 1182 obducta,
482 1136 638 1175 clarum
656 1149 739 1174 non
757 1135 886 1180 videt,

321 1191 558 1243 Aegyptiae
577 1190 726 1242 plagae
745 1192 788 1228 in
806 1189 990 1235 modum,

269 1259 391 1297 quae,
410 1259 504 1283 cum
523 1245 707 1283 tenebris
725 1245 920 1283 barbaros

268 1300 500 1346 damnaret,
521 1300 722 1338 Hebraeis
742 1299 855 1337 diem

268 1354 370 1394 sudo
390 1354 617 1393 exhibebat
634 1353 804 1392 lumine.

320 1411 420 1461 quin
438 1411 527 1461 ipsa
546 1409 680 1447 odoris
700 1407 877 1460 qualitas

269 1464 418 1502 adusta
437 1477 562 1515 quam
580 1463 720 1502 reddit
738 1465 843 1501 cutis

269 1519 431 1558 diversa
449 1524 646 1570 utrosque
665 1523 902 1569 permovet:

267 1573 330 1612 his
349 1573 480 1619 nidor,
499 1572 579 1611 illis
598 1578 742 1611 nectar
761 1578 839 1617 est,

319 1627 515 1679 idemque
534 1640 677 1666 sensus
696 1627 850 1678 dispari

268 1685 449 1721 variatus
470 1695 570 1720 aura
588 1687 662 1720 aut
681 1681 821 1719 adficit

268 1736 434 1776 horrore
454 1749 574 1775 nares
593 1736 754 1775 vindice

270 1798 343 1830 aut
361 1791 517 1830 mulcet
536 1790 825 1829 oblectamine.

321 1848 377 1884 sic
395 1848 501 1898 ignis
522 1851 716 1884 aeternus
737 1845 866 1890 Deus,

269 1914 365 1938 nam
384 1900 572 1939 Christus
590 1901 696 1952 ignis
716 1913 835 1938 verus
855 1904 942 1944 est3

268 1958 302 1994 is
320 1958 408 2006 ipse
428 1954 595 2006 conplet
613 1953 769 1992 lumine

268 2012 397 2048 iustos
417 2015 462 2048 et
480 2011 563 2048 urit
581 2011 737 2047 noxios.

1297 316 1374 356 365

1297 589 1374 628 370

1297 862 1374 902 375

1300 1135 1378 1174 380

1301 1409 1377 1448 385

1300 1681 1378 1720 390

1300 1954 1377 1994 395
