1456 2358
165 2126 236 2153 212

619 139 979 182 PRUDENTIUS

285 260 393 298 quae
412 250 566 298 raptim
584 248 662 285 sibi
681 250 856 299 quisque
875 249 1125 288 vindicabat.

335 301 511 340 fratrum
530 307 673 340 tantus
694 316 809 341 amor
827 303 996 342 domum
1015 303 1171 343 referre

283 362 520 395 sanctorum
540 359 724 395 cinerum
743 357 883 396 dicata
901 358 1010 397 dona

283 417 357 449 aut
376 417 543 463 gestare
563 414 654 449 sinu
674 411 797 450 fidele
815 415 978 464 pignus.

335 465 410 504 sed
428 479 481 504 ne
501 465 695 517 reliquias
714 468 1018 506 resuscitandas

284 525 328 558 et
346 534 444 558 mox
463 534 558 559 cum
576 521 743 559 domino
763 521 884 559 simul
903 521 1063 561 futuras

282 574 470 613 discretis
488 575 579 613 loca
597 575 785 614 dividant
804 577 1014 628 sepulcris,

334 635 560 668 cernuntur
578 632 707 668 niveis
727 630 842 669 stolis
863 634 1016 678 amicti,

280 684 483 723 mandant
502 687 667 723 restitui
686 698 870 736 cavoque
889 686 1026 725 claudi

280 741 445 777 mixtim
464 752 668 777 marmore
687 739 902 791 pulverem
921 741 1178 781 sacrandum.

332 807 356 831 o
376 793 528 845 triplex
548 793 691 840 honor,
711 807 735 832 o
754 794 942 834 triforme
961 795 1139 843 culmen,

280 861 362 899 quo
382 854 549 886 nostrae
568 854 695 900 caput
715 852 923 888 excitatur
941 851 1067 897 urbis,

279 905 438 941 cunctis
458 903 627 941 urbibus
648 906 834 942 eminens
854 904 1041 944 Hiberis!

332 957 521 996 exultare
541 959 673 996 tribus
692 958 797 997 libet
814 962 1015 1010 patronis,

279 1025 454 1063 quorum
473 1012 679 1064 praesidio
698 1012 886 1052 fovemur
904 1028 1047 1054 omnes

278 1072 483 1105 terrarum
502 1067 643 1118 populi
663 1065 958 1119 Pyrenearum.

330 1124 570 1160 circumstet
589 1122 735 1160 chorus
756 1136 808 1160 ex
828 1129 1005 1175 utroque
1025 1137 1128 1163 sexu
1140 1137 1151 1171 ;

276 1175 411 1222 heros,
431 1179 560 1228 virgo,
579 1190 697 1227 puer,
717 1190 860 1224 senex,
880 1178 1033 1225 anulla,

276 1236 461 1268 vestrum
479 1231 645 1282 psallite
665 1234 744 1270 rite
764 1231 1050 1272 Fructuosum.

326 1284 499 1323 laudans
519 1286 753 1338 Augurium
771 1287 948 1326 resultet
966 1287 1144 1341 hymnus

275 1342 416 1378 mixtis
436 1340 659 1392 Eulogium
677 1341 809 1379 modis
829 1355 1085 1394 coaequans3

274 1394 497 1433 reddamus
517 1396 684 1446 paribus
704 1409 824 1447 pares
843 1410 1049 1436 camenas.

326 1448 421 1487 hinc
441 1455 588 1488 aurata
606 1456 756 1488 sonent
774 1453 817 1488 in
837 1464 930 1490 arce
949 1457 1079 1499 tecta,

274 1503 474 1542 blandum
492 1504 622 1543 litoris
643 1510 762 1543 extet
780 1506 878 1544 inde
897 1520 1096 1553 murmur,

275 1563 319 1596 et
338 1572 505 1597 carmen
525 1558 634 1597 freta
653 1558 803 1598 feriata
820 1567 1021 1613 pangant.

326 1613 424 1651 olim
443 1619 610 1665 tempus
631 1616 710 1652 erit
727 1621 877 1654 ruente
897 1616 1066 1662 mundo,

273 1681 367 1705 cum
386 1673 445 1713 te,
464 1668 655 1714 Tarraco,
676 1668 926 1708 Fructuosus
946 1673 1028 1709 acri

272 1722 406 1760 solvet
424 1722 624 1774 supplicio
643 1728 792 1776 tegens
812 1725 865 1762 ab
883 1727 982 1777 igni.

324 1776 407 1815 fors
425 1777 666 1829 dignabitur
686 1784 730 1817 et
748 1781 851 1817 meis
870 1779 1094 1818 medellam

272 1834 490 1870 tormentis
510 1832 610 1870 dare
629 1839 900 1884 prosperante
921 1833 1099 1882 Christo,

271 1885 412 1924 dulces
431 1885 799 1940 hendecasyllabos
818 1888 1044 1928 revolvens.

1321 417 1396 458 135

1320 690 1395 729 140

1318 964 1392 1004 145

1316 1238 1390 1277 150

1314 1511 1388 1551 155

1310 1784 1385 1823 160
