<?xml version="1.0" encoding="UTF-8"?>
<!DOCTYPE html PUBLIC "-//W3C//DTD XHTML 1.0 Transitional//EN"
    "http://www.w3.org/TR/xhtml1/DTD/xhtml1-transitional.dtd">
<html xmlns="http://www.w3.org/1999/xhtml" xml:lang="en" lang="en">
 <head>
  <title>
</title>
<meta http-equiv="Content-Type" content="text/html;charset=utf-8" />
  <meta name='ocr-system' content='tesseract 3.04.00' />
  <meta name='ocr-capabilities' content='ocr_page ocr_carea ocr_par ocr_line ocrx_word'/>
</head>
<body>
  <div class='ocr_page' id='page_1' title='image "./prudentius00pruduoft/prudentius00pruduoft_0120.png"; bbox 0 0 1456 2358; ppageno 0'>
   <div class='ocr_carea' id='block_1_1' title="bbox 553 141 915 201">
    <p class='ocr_par' dir='ltr' id='par_1_1' title="bbox 553 141 915 201">
     <span class='ocr_line' id='line_1_1' title="bbox 553 141 915 201; baseline -0.006 -19"><span class='ocrx_word' id='word_1_1' title='bbox 553 141 915 201; x_wconf 84' lang='lat' dir='ltr'><strong>PRUDENTIUS</strong></span> 
     </span>
    </p>
   </div>
   <div class='ocr_carea' id='block_1_2' title="bbox 128 245 1346 410">
    <p class='ocr_par' dir='ltr' id='par_1_2' title="bbox 128 245 1346 410">
     <span class='ocr_line' id='line_1_2' title="bbox 180 245 1346 305; baseline -0.008 -12"><span class='ocrx_word' id='word_1_2' title='bbox 180 260 290 293; x_wconf 87' lang='lat' dir='ltr'><strong>state</strong></span> <span class='ocrx_word' id='word_1_3' title='bbox 310 266 432 299; x_wconf 88' lang='lat' dir='ltr'><strong>nune,</strong></span> <span class='ocrx_word' id='word_1_4' title='bbox 451 252 656 305; x_wconf 81' lang='lat' dir='ltr'><strong>hymnite,</strong></span> <span class='ocrx_word' id='word_1_5' title='bbox 674 256 843 295; x_wconf 86' lang='lat' dir='ltr'><strong>matres,</strong></span> <span class='ocrx_word' id='word_1_6' title='bbox 862 262 936 301; x_wconf 91' lang='lat' dir='ltr'><strong>pro</strong></span> <span class='ocrx_word' id='word_1_7' title='bbox 955 249 1132 299; x_wconf 77' lang='lat' dir='ltr'><strong>receptis</strong></span> <span class='ocrx_word' id='word_1_8' title='bbox 1150 245 1346 298; x_wconf 84' lang='lat' dir='ltr'><strong>parvulis,</strong></span> 
     </span>
     <span class='ocr_line' id='line_1_3' title="bbox 128 306 1276 361; baseline -0.006 -13"><span class='ocrx_word' id='word_1_9' title='bbox 128 312 351 361; x_wconf 89' lang='lat' dir='ltr'><strong>coniugum</strong></span> <span class='ocrx_word' id='word_1_10' title='bbox 369 307 504 346; x_wconf 86' lang='lat' dir='ltr'><strong>salute</strong></span> <span class='ocrx_word' id='word_1_11' title='bbox 522 307 636 345; x_wconf 85' lang='lat' dir='ltr'><strong>laeta</strong></span> <span class='ocrx_word' id='word_1_12' title='bbox 654 320 733 344; x_wconf 90' lang='lat' dir='ltr'><strong>vox</strong></span> <span class='ocrx_word' id='word_1_13' title='bbox 752 307 994 343; x_wconf 89' lang='lat' dir='ltr'><strong>maritarum</strong></span> <span class='ocrx_word' id='word_1_14' title='bbox 1013 306 1197 354; x_wconf 79' lang='lat' dir='ltr'><strong>strepat:</strong></span> <span class='ocrx_word' id='word_1_15' title='bbox 1274 337 1276 341; x_wconf 83' lang='lat'><em>.</em></span> 
     </span>
     <span class='ocr_line' id='line_1_4' title="bbox 129 354 1345 410; baseline -0.008 -7"><span class='ocrx_word' id='word_1_16' title='bbox 129 367 184 403; x_wconf 89' lang='lat' dir='ltr'><strong>sit</strong></span> <span class='ocrx_word' id='word_1_17' title='bbox 201 364 290 403; x_wconf 90' lang='lat' dir='ltr'><strong>dies</strong></span> <span class='ocrx_word' id='word_1_18' title='bbox 309 363 413 401; x_wconf 86' lang='lat' dir='ltr'><strong>haec</strong></span> <span class='ocrx_word' id='word_1_19' title='bbox 431 361 542 400; x_wconf 86' lang='lat' dir='ltr'><strong>festa</strong></span> <span class='ocrx_word' id='word_1_20' title='bbox 559 362 691 406; x_wconf 90' lang='lat' dir='ltr'><strong>nobis,</strong></span> <span class='ocrx_word' id='word_1_21' title='bbox 711 362 765 399; x_wconf 88' lang='lat' dir='ltr'><strong>sit</strong></span> <span class='ocrx_word' id='word_1_22' title='bbox 784 363 990 398; x_wconf 87' lang='lat' dir='ltr'><strong>sacratum</strong></span> <span class='ocrx_word' id='word_1_23' title='bbox 1009 354 1230 410; x_wconf 85' lang='lat' dir='ltr'><strong>gaudium!</strong></span> <span class='ocrx_word' id='word_1_24' title='bbox 1269 355 1345 395; x_wconf 88' lang='lat'><strong>120</strong></span> 
     </span>
    </p>
   </div>
   <div class='ocr_carea' id='block_1_3' title="bbox 721 527 763 565">
    <p class='ocr_par' dir='ltr' id='par_1_3' title="bbox 721 527 763 565">
     <span class='ocr_line' id='line_1_5' title="bbox 721 527 763 565; baseline 0 0"><span class='ocrx_word' id='word_1_25' title='bbox 721 527 763 565; x_wconf 94' lang='lat' dir='ltr'><strong>II</strong></span> 
     </span>
    </p>
   </div>
   <div class='ocr_carea' id='block_1_4' title="bbox 241 611 1240 710">
    <p class='ocr_par' dir='ltr' id='par_1_4' title="bbox 241 611 1240 710">
     <span class='ocr_line' id='line_1_6' title="bbox 241 611 1240 658; baseline -0.009 0"><span class='ocrx_word' id='word_1_26' title='bbox 241 619 422 658; x_wconf 77' lang='lat' dir='ltr'><strong>HYMNus</strong></span> <span class='ocrx_word' id='word_1_27' title='bbox 452 630 495 655; x_wconf 80' lang='lat' dir='ltr'><strong>IN</strong></span> <span class='ocrx_word' id='word_1_28' title='bbox 525 617 736 655; x_wconf 79' lang='lat' dir='ltr'>HONOREM</span> <span class='ocrx_word' id='word_1_29' title='bbox 766 613 974 652; x_wconf 73' lang='lat' dir='ltr'><strong>PAssroms</strong></span> <span class='ocrx_word' id='word_1_30' title='bbox 1004 611 1240 651; x_wconf 49' lang='lat' dir='ltr'><strong>Limonum-11</strong></span> 
     </span>
     <span class='ocr_line' id='line_1_7' title="bbox 487 669 995 710; baseline -0.008 0"><span class='ocrx_word' id='word_1_31' title='bbox 487 672 727 710; x_wconf 74' lang='lat' dir='ltr'><strong>BEA&#39;rlsslMI</strong></span> <span class='ocrx_word' id='word_1_32' title='bbox 758 669 995 707; x_wconf 75' lang='lat' dir='ltr'><strong>MAR&#39;rvms.</strong></span> 
     </span>
    </p>
   </div>
   <div class='ocr_carea' id='block_1_5' title="bbox 238 751 1360 1951">
    <p class='ocr_par' dir='ltr' id='par_1_5' title="bbox 238 751 1360 1951">
     <span class='ocr_line' id='line_1_8' title="bbox 238 751 822 802; baseline -0.007 -10"><span class='ocrx_word' id='word_1_33' title='bbox 238 755 431 795; x_wconf 75' lang='lat' dir='ltr'><strong>ANTIQUA</strong></span> <span class='ocrx_word' id='word_1_34' title='bbox 450 751 640 790; x_wconf 89' lang='lat' dir='ltr'><strong>fanorum</strong></span> <span class='ocrx_word' id='word_1_35' title='bbox 659 763 822 802; x_wconf 89' lang='lat' dir='ltr'><strong>parens,</strong></span> 
     </span>
     <span class='ocr_line' id='line_1_9' title="bbox 239 804 832 850; baseline -0.008 -3"><span class='ocrx_word' id='word_1_36' title='bbox 239 811 322 847; x_wconf 87' lang='lat' dir='ltr'><strong>iam</strong></span> <span class='ocrx_word' id='word_1_37' title='bbox 341 808 473 846; x_wconf 89' lang='lat' dir='ltr'><strong>Roma</strong></span> <span class='ocrx_word' id='word_1_38' title='bbox 492 806 655 845; x_wconf 88' lang='lat' dir='ltr'><strong>Christo</strong></span> <span class='ocrx_word' id='word_1_39' title='bbox 674 804 832 850; x_wconf 88' lang='lat' dir='ltr'><strong>dedita,</strong></span> 
     </span>
     <span class='ocr_line' id='line_1_10' title="bbox 241 860 758 902; baseline -0.008 -1"><span class='ocrx_word' id='word_1_40' title='bbox 241 863 467 902; x_wconf 91' lang='lat' dir='ltr'><strong>Laurentio</strong></span> <span class='ocrx_word' id='word_1_41' title='bbox 486 863 633 900; x_wconf 89' lang='lat' dir='ltr'><strong>victrix</strong></span> <span class='ocrx_word' id='word_1_42' title='bbox 652 860 758 898; x_wconf 88' lang='lat' dir='ltr'><strong>duce</strong></span> 
     </span>
     <span class='ocr_line' id='line_1_11' title="bbox 240 914 870 967; baseline -0.008 -11"><span class='ocrx_word' id='word_1_43' title='bbox 240 920 367 956; x_wconf 90' lang='lat' dir='ltr'><strong>ritum</strong></span> <span class='ocrx_word' id='word_1_44' title='bbox 385 915 616 967; x_wconf 86' lang='lat' dir='ltr'><strong>triumphas</strong></span> <span class='ocrx_word' id='word_1_45' title='bbox 635 914 870 953; x_wconf 87' lang='lat' dir='ltr'><strong>barbarum.</strong></span> 
     </span>
     <span class='ocr_line' id='line_1_12' title="bbox 292 965 1350 1024; baseline -0.005 -14"><span class='ocrx_word' id='word_1_46' title='bbox 292 985 412 1024; x_wconf 86' lang='lat' dir='ltr'><strong>reges</strong></span> <span class='ocrx_word' id='word_1_47' title='bbox 432 971 630 1022; x_wconf 89' lang='lat' dir='ltr'><strong>superbos</strong></span> <span class='ocrx_word' id='word_1_48' title='bbox 649 972 804 1007; x_wconf 86' lang='lat' dir='ltr'><strong>viceras</strong></span> <span class='ocrx_word' id='word_1_49' title='bbox 932 989 934 991; x_wconf 36' lang='lat' dir='ltr'>v</span> <span class='ocrx_word' id='word_1_50' title='bbox 1325 965 1350 1005; x_wconf 86' lang='lat'>5</span> 
     </span>
     <span class='ocr_line' id='line_1_13' title="bbox 241 1024 884 1079; baseline -0.008 -13"><span class='ocrx_word' id='word_1_51' title='bbox 241 1027 498 1079; x_wconf 90' lang='lat' dir='ltr'><strong>populosque</strong></span> <span class='ocrx_word' id='word_1_52' title='bbox 517 1024 643 1063; x_wconf 89' lang='lat' dir='ltr'><strong>frenis</strong></span> <span class='ocrx_word' id='word_1_53' title='bbox 662 1035 884 1075; x_wconf 83' lang='lat' dir='ltr'><strong>presseras,</strong></span> 
     </span>
     <span class='ocr_line' id='line_1_14' title="bbox 241 1078 775 1120; baseline -0.007 0"><span class='ocrx_word' id='word_1_54' title='bbox 241 1095 351 1120; x_wconf 90' lang='lat' dir='ltr'><strong>nunc</strong></span> <span class='ocrx_word' id='word_1_55' title='bbox 369 1081 638 1119; x_wconf 82' lang='lat' dir='ltr'><strong>monstruosis</strong></span> <span class='ocrx_word' id='word_1_56' title='bbox 656 1078 775 1117; x_wconf 92' lang='lat' dir='ltr'><strong>idolis</strong></span> 
     </span>
     <span class='ocr_line' id='line_1_15' title="bbox 242 1136 759 1188; baseline -0.01 -13"><span class='ocrx_word' id='word_1_57' title='bbox 242 1138 404 1188; x_wconf 89' lang='lat' dir='ltr'><strong>inponis</strong></span> <span class='ocrx_word' id='word_1_58' title='bbox 422 1136 585 1186; x_wconf 91' lang='lat' dir='ltr'><strong>imperii</strong></span> <span class='ocrx_word' id='word_1_59' title='bbox 603 1136 759 1185; x_wconf 89' lang='lat' dir='ltr'><strong>iugum.</strong></span> 
     </span>
     <span class='ocr_line' id='line_1_16' title="bbox 295 1187 792 1240; baseline -0.008 -11"><span class='ocrx_word' id='word_1_60' title='bbox 295 1191 398 1229; x_wconf 89' lang='lat' dir='ltr'><strong>haec</strong></span> <span class='ocrx_word' id='word_1_61' title='bbox 417 1189 504 1228; x_wconf 90' lang='lat' dir='ltr'><strong>sola</strong></span> <span class='ocrx_word' id='word_1_62' title='bbox 522 1188 643 1227; x_wconf 90' lang='lat' dir='ltr'><strong>derat</strong></span> <span class='ocrx_word' id='word_1_63' title='bbox 660 1187 792 1240; x_wconf 83' lang='lat' dir='ltr'><strong>gloria</strong></span> 
     </span>
     <span class='ocr_line' id='line_1_17' title="bbox 244 1237 1357 1296; baseline -0.006 -12"><span class='ocrx_word' id='word_1_64' title='bbox 244 1246 355 1284; x_wconf 91' lang='lat' dir='ltr'><strong>urbis</strong></span> <span class='ocrx_word' id='word_1_65' title='bbox 374 1250 547 1296; x_wconf 87' lang='lat' dir='ltr'><strong>togatae</strong></span> <span class='ocrx_word' id='word_1_66' title='bbox 565 1242 808 1295; x_wconf 85' lang='lat' dir='ltr'><strong>insignibus,</strong></span> <span class='ocrx_word' id='word_1_67' title='bbox 1306 1237 1357 1277; x_wconf 93' lang='lat'><strong>10</strong></span> 
     </span>
     <span class='ocr_line' id='line_1_18' title="bbox 244 1299 763 1350; baseline -0.01 -11"><span class='ocrx_word' id='word_1_68' title='bbox 244 1300 413 1339; x_wconf 85' lang='lat' dir='ltr'><strong>feritate</strong></span> <span class='ocrx_word' id='word_1_69' title='bbox 433 1303 556 1350; x_wconf 90' lang='lat' dir='ltr'><strong>capta</strong></span> <span class='ocrx_word' id='word_1_70' title='bbox 573 1299 763 1349; x_wconf 86' lang='lat' dir='ltr'><strong>gentium</strong></span> 
     </span>
     <span class='ocr_line' id='line_1_19' title="bbox 245 1351 888 1403; baseline -0.008 -10"><span class='ocrx_word' id='word_1_71' title='bbox 245 1355 435 1393; x_wconf 89' lang='lat' dir='ltr'><strong>domaret</strong></span> <span class='ocrx_word' id='word_1_72' title='bbox 453 1359 502 1391; x_wconf 92' lang='lat' dir='ltr'><strong>ut</strong></span> <span class='ocrx_word' id='word_1_73' title='bbox 519 1365 712 1403; x_wconf 86' lang='lat' dir='ltr'><strong>spurcum</strong></span> <span class='ocrx_word' id='word_1_74' title='bbox 732 1351 888 1395; x_wconf 90' lang='lat' dir='ltr'><strong>Iovem,</strong></span> 
     </span>
     <span class='ocr_line' id='line_1_20' title="bbox 297 1406 821 1447; baseline -0.008 0"><span class='ocrx_word' id='word_1_75' title='bbox 297 1422 380 1447; x_wconf 90' lang='lat' dir='ltr'><strong>non</strong></span> <span class='ocrx_word' id='word_1_76' title='bbox 398 1406 650 1446; x_wconf 87' lang='lat' dir='ltr'><strong>turbulentis</strong></span> <span class='ocrx_word' id='word_1_77' title='bbox 669 1406 821 1444; x_wconf 88' lang='lat' dir='ltr'><strong>viribus</strong></span> 
     </span>
     <span class='ocr_line' id='line_1_21' title="bbox 247 1460 869 1509; baseline -0.01 -6"><span class='ocrx_word' id='word_1_78' title='bbox 247 1464 375 1509; x_wconf 90' lang='lat' dir='ltr'><strong>Cossi,</strong></span> <span class='ocrx_word' id='word_1_79' title='bbox 395 1461 558 1501; x_wconf 85' lang='lat' dir='ltr'><strong>Camilli</strong></span> <span class='ocrx_word' id='word_1_80' title='bbox 577 1466 650 1499; x_wconf 90' lang='lat' dir='ltr'><strong>aut</strong></span> <span class='ocrx_word' id='word_1_81' title='bbox 668 1460 869 1505; x_wconf 86' lang='lat' dir='ltr'><strong>Caesaris,</strong></span> 
     </span>
     <span class='ocr_line' id='line_1_22' title="bbox 247 1512 1357 1569; baseline -0.005 -12"><span class='ocrx_word' id='word_1_82' title='bbox 247 1518 321 1557; x_wconf 93' lang='lat' dir='ltr'><strong>sed</strong></span> <span class='ocrx_word' id='word_1_83' title='bbox 339 1518 532 1569; x_wconf 88' lang='lat' dir='ltr'><strong>martyris</strong></span> <span class='ocrx_word' id='word_1_84' title='bbox 554 1515 768 1554; x_wconf 89' lang='lat' dir='ltr'><strong>Laurentii</strong></span> <span class='ocrx_word' id='word_1_85' title='bbox 1309 1512 1357 1551; x_wconf 89' lang='lat'><strong>15</strong></span> 
     </span>
     <span class='ocr_line' id='line_1_23' title="bbox 247 1569 752 1622; baseline -0.01 -10"><span class='ocrx_word' id='word_1_86' title='bbox 247 1587 330 1612; x_wconf 93' lang='lat' dir='ltr'><strong>non</strong></span> <span class='ocrx_word' id='word_1_87' title='bbox 347 1575 564 1610; x_wconf 88' lang='lat' dir='ltr'><strong>incruento</strong></span> <span class='ocrx_word' id='word_1_88' title='bbox 583 1569 752 1622; x_wconf 92' lang='lat' dir='ltr'><strong>proelio.</strong></span> 
     </span>
     <span class='ocr_line' id='line_1_24' title="bbox 301 1623 817 1678; baseline -0.008 -13"><span class='ocrx_word' id='word_1_89' title='bbox 301 1631 462 1665; x_wconf 86' lang='lat' dir='ltr'><strong>armata</strong></span> <span class='ocrx_word' id='word_1_90' title='bbox 479 1626 681 1678; x_wconf 86' lang='lat' dir='ltr'><strong>pugnavit</strong></span> <span class='ocrx_word' id='word_1_91' title='bbox 700 1623 817 1669; x_wconf 90' lang='lat' dir='ltr'><strong>fides,</strong></span> 
     </span>
     <span class='ocr_line' id='line_1_25' title="bbox 248 1679 786 1734; baseline -0.009 -14"><span class='ocrx_word' id='word_1_92' title='bbox 248 1684 402 1734; x_wconf 91' lang='lat' dir='ltr'><strong>proprii</strong></span> <span class='ocrx_word' id='word_1_93' title='bbox 420 1682 571 1719; x_wconf 86' lang='lat' dir='ltr'><strong>cruoris</strong></span> <span class='ocrx_word' id='word_1_94' title='bbox 591 1679 786 1731; x_wconf 85' lang='lat' dir='ltr'><strong>prodiga3</strong></span> 
     </span>
     <span class='ocr_line' id='line_1_26' title="bbox 249 1733 856 1778; baseline -0.008 -3"><span class='ocrx_word' id='word_1_95' title='bbox 249 1750 346 1775; x_wconf 87' lang='lat' dir='ltr'><strong>nam</strong></span> <span class='ocrx_word' id='word_1_96' title='bbox 364 1740 498 1774; x_wconf 90' lang='lat' dir='ltr'><strong>morte</strong></span> <span class='ocrx_word' id='word_1_97' title='bbox 517 1739 695 1773; x_wconf 88' lang='lat' dir='ltr'><strong>mortem</strong></span> <span class='ocrx_word' id='word_1_98' title='bbox 714 1733 856 1778; x_wconf 89' lang='lat' dir='ltr'><strong>diruit,</strong></span> 
     </span>
     <span class='ocr_line' id='line_1_27' title="bbox 250 1783 1360 1841; baseline -0.008 -11"><span class='ocrx_word' id='word_1_99' title='bbox 250 1805 297 1830; x_wconf 88' lang='lat' dir='ltr'><strong>ac</strong></span> <span class='ocrx_word' id='word_1_100' title='bbox 316 1796 451 1829; x_wconf 89' lang='lat' dir='ltr'><strong>semet</strong></span> <span class='ocrx_word' id='word_1_101' title='bbox 469 1788 660 1841; x_wconf 90' lang='lat' dir='ltr'><strong>inpendit</strong></span> <span class='ocrx_word' id='word_1_102' title='bbox 678 1788 767 1827; x_wconf 92' lang='lat' dir='ltr'><strong>sibi.</strong></span> <span class='ocrx_word' id='word_1_103' title='bbox 1308 1783 1360 1822; x_wconf 87' lang='grc'><strong>20</strong></span> 
     </span>
     <span class='ocr_line' id='line_1_28' title="bbox 302 1842 878 1884; baseline -0.009 0"><span class='ocrx_word' id='word_1_104' title='bbox 302 1845 390 1884; x_wconf 87' lang='lat' dir='ltr'><strong>fore</strong></span> <span class='ocrx_word' id='word_1_105' title='bbox 409 1844 486 1883; x_wconf 91' lang='lat' dir='ltr'><strong>hoc</strong></span> <span class='ocrx_word' id='word_1_106' title='bbox 505 1842 695 1882; x_wconf 85' lang='lat' dir='ltr'><strong>sacerdos</strong></span> <span class='ocrx_word' id='word_1_107' title='bbox 713 1842 878 1881; x_wconf 87' lang='lat' dir='ltr'><strong>dixerat</strong></span> 
     </span>
     <span class='ocr_line' id='line_1_29' title="bbox 251 1897 832 1951; baseline -0.009 -12"><span class='ocrx_word' id='word_1_108' title='bbox 251 1903 334 1939; x_wconf 87' lang='lat' dir='ltr'><strong>iam</strong></span> <span class='ocrx_word' id='word_1_109' title='bbox 353 1900 510 1951; x_wconf 90' lang='lat' dir='ltr'><strong>Xystus</strong></span> <span class='ocrx_word' id='word_1_110' title='bbox 531 1897 690 1936; x_wconf 89' lang='lat' dir='ltr'><strong>adfixus</strong></span> <span class='ocrx_word' id='word_1_111' title='bbox 709 1899 832 1942; x_wconf 89' lang='lat' dir='ltr'><strong>cruci,</strong></span> 
     </span>
    </p>
   </div>
   <div class='ocr_carea' id='block_1_6' title="bbox 147 1953 1364 2120">
    <p class='ocr_par' dir='ltr' id='par_1_6' title="bbox 150 1953 1350 1970">
     <span class='ocr_line' id='line_1_30' title="bbox 150 1953 1350 1970; baseline -0.009 0"><span class='ocrx_word' id='word_1_112' title='bbox 150 1953 1350 1970; x_wconf 44' lang='grc' dir='ltr'><strong><em>Μ</em></strong></span> 
     </span>
    </p>

    <p class='ocr_par' dir='ltr' id='par_1_7' title="bbox 147 1982 1364 2120">
     <span class='ocr_line' id='line_1_31' title="bbox 190 1982 1364 2032; baseline -0.009 -6"><span class='ocrx_word' id='word_1_113' title='bbox 190 1998 206 2014; x_wconf 77' lang='lat'><strong>‘¹</strong></span> <span class='ocrx_word' id='word_1_114' title='bbox 230 1992 372 2026; x_wconf 84' lang='lat' dir='ltr'><strong>Several</strong></span> <span class='ocrx_word' id='word_1_115' title='bbox 397 1991 494 2024; x_wconf 87' lang='lat' dir='ltr'><strong>Cossi</strong></span> <span class='ocrx_word' id='word_1_116' title='bbox 518 1990 628 2032; x_wconf 82' lang='lat' dir='ltr'><strong>figure</strong></span> <span class='ocrx_word' id='word_1_117' title='bbox 653 1990 690 2022; x_wconf 91' lang='lat' dir='ltr'><strong>in</strong></span> <span class='ocrx_word' id='word_1_118' title='bbox 714 1988 777 2022; x_wconf 82' lang='lat' dir='ltr'><strong>the</strong></span> <span class='ocrx_word' id='word_1_119' title='bbox 802 1988 939 2030; x_wconf 76' lang='lat' dir='ltr'><strong>history</strong></span> <span class='ocrx_word' id='word_1_120' title='bbox 964 1986 1006 2020; x_wconf 81' lang='lat' dir='ltr'><strong>of</strong></span> <span class='ocrx_word' id='word_1_121' title='bbox 1025 1985 1088 2019; x_wconf 70' lang='lat' dir='ltr'><strong>the</strong></span> <span class='ocrx_word' id='word_1_122' title='bbox 1113 1985 1178 2019; x_wconf 73' lang='lat'>51:11</span> <span class='ocrx_word' id='word_1_123' title='bbox 1202 1984 1275 2018; x_wconf 80' lang='lat' dir='ltr'><strong>and</strong></span> <span class='ocrx_word' id='word_1_124' title='bbox 1298 1982 1364 2016; x_wconf 76' lang='lat' dir='ltr'><strong>4th</strong></span> 
     </span>
     <span class='ocr_line' id='line_1_32' title="bbox 147 2029 1364 2071; baseline -0.009 0"><span class='ocrx_word' id='word_1_125' title='bbox 147 2038 322 2071; x_wconf 75' lang='lat' dir='ltr'><strong>centuries</strong></span> <span class='ocrx_word' id='word_1_126' title='bbox 354 2045 423 2069; x_wconf 81' lang='lat' dir='ltr'><strong>13.c.</strong></span> <span class='ocrx_word' id='word_1_127' title='bbox 470 2035 513 2067; x_wconf 89' lang='lat' dir='ltr'><strong>A.</strong></span> <span class='ocrx_word' id='word_1_128' title='bbox 546 2033 726 2067; x_wconf 83' lang='lat' dir='ltr'><strong>Cornelius</strong></span> <span class='ocrx_word' id='word_1_129' title='bbox 757 2032 895 2070; x_wconf 84' lang='lat' dir='ltr'><strong>Cossus,</strong></span> <span class='ocrx_word' id='word_1_130' title='bbox 928 2030 1083 2064; x_wconf 77' lang='lat' dir='ltr'><strong>dictator</strong></span> <span class='ocrx_word' id='word_1_131' title='bbox 1112 2029 1150 2063; x_wconf 91' lang='lat' dir='ltr'><strong>in</strong></span> <span class='ocrx_word' id='word_1_132' title='bbox 1181 2029 1247 2063; x_wconf 84' lang='lat'><strong>385</strong></span> <span class='ocrx_word' id='word_1_133' title='bbox 1279 2036 1364 2067; x_wconf 80' lang='lat' dir='ltr'><strong>B.c.,</strong></span> 
     </span>
     <span class='ocr_line' id='line_1_33' title="bbox 148 2076 943 2120; baseline -0.008 -5"><span class='ocrx_word' id='word_1_134' title='bbox 148 2081 298 2115; x_wconf 81' lang='lat' dir='ltr'><strong>crushed</strong></span> <span class='ocrx_word' id='word_1_135' title='bbox 313 2080 375 2114; x_wconf 81' lang='lat' dir='ltr'><strong>the</strong></span> <span class='ocrx_word' id='word_1_136' title='bbox 391 2078 574 2113; x_wconf 81' lang='lat' dir='ltr'><strong>Volscians</strong></span> <span class='ocrx_word' id='word_1_137' title='bbox 590 2077 707 2120; x_wconf 79' lang='lat' dir='ltr'><strong>(Livy,</strong></span> <span class='ocrx_word' id='word_1_138' title='bbox 725 2076 788 2116; x_wconf 88' lang='lat' dir='ltr'><strong>VI,</strong></span> <span class='ocrx_word' id='word_1_139' title='bbox 807 2076 943 2117; x_wconf 86' lang='lat'>11-13).</span> 
     </span>
    </p>
   </div>
   <div class='ocr_carea' id='block_1_7' title="bbox 152 2130 222 2168">
    <p class='ocr_par' dir='ltr' id='par_1_8' title="bbox 152 2130 222 2168">
     <span class='ocr_line' id='line_1_34' title="bbox 152 2130 222 2168; baseline -0.014 0"><span class='ocrx_word' id='word_1_140' title='bbox 152 2130 222 2168; x_wconf 90' lang='lat'><strong>108</strong></span> 
     </span>
    </p>
   </div>
  </div>
 </body>
</html>
