1456 2358
177 2136 247 2174 232

616 140 979 180 PRUDENTIUS

290 262 385 287 mea
403 261 532 300 regna
551 247 699 286 solvis?
733 260 871 298 parce,
890 246 969 285 Fili
988 246 1189 292 altissimi,

289 302 355 341 vel
373 302 584 354 possidere
603 301 727 340 corda
745 315 961 353 porcorum
979 300 1120 339 iube.’'

341 356 578 409 praefectus
596 359 685 395 istis
703 358 908 395 inminens
927 357 1106 408 negotiis

289 411 556 464 Asclepiades
574 414 634 450 ire
652 411 825 449 mandat
843 410 994 449 milites

290 466 558 505 ecclesiasten
577 479 709 518 usque
728 465 781 504 de
800 467 984 504 sacrariis

288 527 455 572 raptare
473 520 641 572 plebem
659 519 977 572 mancipandam
994 519 1166 558 vinculis

290 579 332 614 ni
352 576 612 627 disciplinam
631 575 890 613 Nazarenam
907 580 1089 626 respuat.

340 644 437 669 mox
456 633 545 682 ipse
564 630 770 681 templum
788 632 974 682 cogitans
993 631 1229 680 inrumpere

290 691 334 723 et
352 685 551 736 dissipare
571 690 715 723 sancta
733 690 970 723 sanctorum
988 683 1160 722 studens

289 742 411 778 armis
430 738 626 791 profanus
645 739 922 790 praeparabat
940 740 1062 790 inpiis

289 795 429 833 altaris
449 808 563 832 aram
581 793 768 832 funditus
787 807 955 845 pessum
973 793 1073 831 dare

288 848 480 901 foresque
500 854 544 888 et
562 851 671 900 ipsas
690 851 733 886 in
751 851 913 886 ruinam
931 847 1102 886 solvere.

339 906 568 955 praecurrit
585 903 711 941 index
730 902 793 941 his
811 908 987 954 repente
1006 904 1181 955 cognitis

288 959 497 997 Romanus
517 960 618 996 acris
637 957 758 996 heros
778 957 1066 1003 excellentiae,

287 1015 427 1051 venire
445 1015 489 1051 in
508 1015 630 1051 armis
648 1012 883 1064 perduelles
902 1014 1070 1050 nuntiat

288 1070 444 1106 animos
463 1073 691 1119 paventum
709 1072 974 1118 praestruens
992 1066 1241 1112 hortatibus,

287 1128 402 1161 stent
420 1128 468 1161 ut
486 1124 622 1174 parati
640 1135 745 1160 neve
765 1121 918 1160 cedant
935 1121 1103 1159 turbini.

338 1179 546 1228 conspirat
564 1190 647 1215 uno
666 1175 905 1215 foederatus
924 1178 1071 1227 spiritu

286 1245 388 1283 grex
409 1231 679 1276 Christianus,
699 1244 850 1283 agmen
867 1232 1180 1282 inperterritum

286 1292 481 1331 matrum,
500 1288 693 1331 virorum,
712 1285 989 1337 parvulorum,
1007 1286 1234 1337 virginum3

287 1341 370 1379 fixa
390 1347 433 1379 et
451 1346 614 1379 statuta
633 1346 697 1379 est
716 1341 904 1378 omnibus
924 1341 1134 1378 sententia

286 1395 412 1434 fidem
430 1397 539 1434 tueri
558 1395 624 1433 vel
641 1395 821 1433 libenter
841 1396 981 1432 emori.

336 1449 466 1488 refert
483 1449 671 1501 repulsus
689 1449 807 1487 miles
827 1448 880 1487 ad
898 1448 1093 1487 subsellia

284 1504 416 1556 plebis
436 1504 601 1543 rebellis
621 1517 710 1542 esse
730 1503 962 1542 Romanum
981 1503 1144 1549 ducem,

284 1559 459 1612 flagrare
478 1564 647 1597 cunctos
666 1560 868 1610 pervicaci
887 1558 1073 1603 audacia,

284 1613 445 1666 iugulos
463 1619 645 1652 retectos
664 1614 873 1651 obstinate
893 1625 1117 1664 opponere,

284 1682 366 1720 quo
384 1668 562 1721 gloriosa
579 1674 714 1706 morte
733 1666 861 1706 fortes
881 1672 1097 1719 oppetant.

335 1736 534 1774 praeceps
552 1723 720 1761 iubetur
738 1722 835 1760 inde
854 1722 1063 1762 Romanus
1082 1723 1171 1772 rapi

283 1778 476 1829 solusque
496 1783 544 1815 ut
561 1779 755 1815 incitator
775 1782 819 1815 et
837 1775 908 1814 fax
927 1778 1110 1815 omnium

282 1846 357 1884 pro
375 1834 609 1870 contumaci
627 1831 750 1883 plebe
770 1844 936 1869 causam
955 1830 1105 1869 dicere.

282 1890 316 1925 it
335 1900 417 1925 non
435 1889 632 1925 resistens
651 1899 779 1938 seque
798 1887 939 1924 vinciri
957 1887 1067 1937 petit

282 1940 410 1980 flexas
431 1947 475 1980 et
493 1941 602 1979 ultro
621 1945 791 1992 torquet
808 1942 851 1978 in
869 1945 1036 1992 tergum
1054 1953 1214 1978 manus.

334 2009 449 2034 amor
467 2008 642 2034 coronae
660 2007 794 2047 paene
813 1995 1030 2046 praevenit
1047 1998 1209 2032 trucem

281 2050 433 2089 lictoris
454 2056 587 2089 artem
607 2055 754 2102 sponte
775 2049 905 2088 nudas
925 2047 1099 2088 offerens

1351 575 1401 615 45

1345 1122 1396 1162 55

1344 1395 1396 1434 60

1343 1668 1392 1707 65

1341 1940 1391 1979 70
