1456 2358
596 144 959 187 PRUDENTIUS

165 261 241 286 nec
261 248 335 287 det
353 249 446 288 vela
464 249 581 288 fretis
601 250 788 289 Romana
806 265 883 290 nec
901 251 1050 290 horrea
1066 259 1234 304 rumpat

164 307 387 347 Sardorum
405 316 606 361 congesta
624 311 779 349 vehens
798 314 988 363 granaria
1007 312 1159 351 classis.

165 380 264 419 ergo
283 371 380 420 piris
400 383 563 408 mensas
583 370 837 409 silvestribus
855 372 988 423 inplet
1008 378 1144 411 arator

165 425 327 466 Poenus
348 435 391 467 et
412 429 571 468 evulsas
591 429 749 468 Siculus
769 431 1005 482 depascitur
1023 431 1187 479 herbas5'
1309 433 1386 474 945

163 488 330 539 iamque
351 489 469 527 Remi
488 490 642 541 populo
661 503 838 542 quernas
858 490 1045 530 Sardinia
1062 492 1236 544 glandes

163 548 420 599 subpeditat,
440 552 523 588 iam
542 563 665 588 corna
684 551 798 589 cibus
817 551 1001 602 lapidosa
1021 552 1258 600 Quiritum?

164 610 254 658 quis
275 611 389 647 venit
410 612 592 648 esuriens
611 613 752 662 magni
772 611 825 649 ad
843 612 1080 662 spectacula
1098 613 1220 650 circi?

163 680 270 718 quae
291 670 405 720 regio
423 669 620 721 gradibus
639 673 777 709 vacuis
796 673 949 709 ieiunia
968 672 1057 710 dira

161 729 368 766 sustinet?
403 735 477 768 aut
497 743 604 781 quae
625 730 797 769 Ianiculi
815 731 924 769 mola
942 737 1060 770 muta
1079 733 1281 783 quiescit?
1309 734 1386 774 950

163 794 340 838 quantos
361 802 552 840 quaeque
572 789 681 828 ferat
700 789 857 830 fructus
876 794 1085 843 provincia
1104 805 1313 844 quamque

163 848 290 885 ubere
311 847 489 887 fecundo
508 849 622 902 large
642 850 745 889 fluat
764 851 872 890 orbis
892 854 1067 903 opimus,

160 907 310 946 indicio
332 914 395 947 est
415 922 592 956 annona,
612 916 711 949 tuae
732 924 839 962 quae
858 911 1024 963 publica
1040 912 1168 964 plebi,

162 966 307 1013 Roma,
327 968 451 1007 datur
470 975 699 1022 tantaeque
719 985 865 1009 manus
884 971 1008 1024 longa
1027 975 1112 1011 otia
1130 975 1275 1024 pascit.

160 1029 214 1065 sit
233 1026 409 1067 fortasse
430 1029 577 1080 aliquis
596 1031 721 1081 paulo
739 1030 999 1070 infecundior
1018 1045 1172 1071 annus:
1307 1035 1383 1075 955

160 1087 217 1124 nil
236 1090 385 1126 mirum
404 1102 481 1127 nec
500 1092 542 1127 in
562 1091 661 1128 orbe
681 1105 846 1130 novum.
901 1092 1082 1130 didicere
1100 1095 1256 1144 priores

159 1151 343 1198 perpessi
362 1148 609 1201 plerumque
629 1149 799 1197 famem,
818 1154 851 1189 si
870 1152 1035 1191 tabidus
1056 1157 1126 1192 aer

158 1209 327 1246 siccavit
346 1214 494 1247 tenues
515 1210 678 1248 ardenti
697 1211 831 1250 sidere
851 1212 982 1250 nubes

158 1279 235 1304 nec
255 1281 400 1307 vernas
419 1268 573 1308 infudit
593 1283 720 1321 aquas
740 1271 1010 1310 creberrimus
1029 1273 1162 1311 imber

157 1325 278 1378 fruge
298 1341 404 1366 nova
423 1335 467 1367 et
486 1330 617 1375 viridi,
638 1333 670 1368 si
690 1334 832 1369 messis
853 1332 996 1370 adulta
1013 1335 1253 1384 priusquam
1303 1335 1380 1374 960

157 1394 378 1438 conceptas
397 1394 544 1428 tenero
563 1389 760 1429 solidaret
778 1391 887 1430 laete
906 1392 1122 1439 medullas,

157 1446 359 1486 adflatum
377 1448 510 1487 calido
529 1463 673 1488 sucum
692 1454 899 1490 contraxit
918 1452 971 1490 ab
991 1465 1090 1491 euro

156 1508 398 1560 ieiunosque
418 1508 517 1548 tulit
535 1509 713 1548 calamos
734 1517 860 1562 atque
880 1514 1004 1550 inrita
1022 1518 1120 1551 vota

156 1567 360 1618 agricolae
379 1569 529 1607 sterilis
549 1570 793 1621 stipularum
812 1571 913 1610 silva
931 1570 1094 1611 fefellit.

156 1625 232 1672 his,
253 1630 293 1665 ni
313 1626 447 1674 fallor,
467 1642 567 1681 ager
586 1632 693 1668 vitiis
713 1637 927 1683 corruptus
948 1638 991 1670 et
1011 1638 1109 1671 ante
1301 1636 1377 1676 965

154 1687 360 1727 subiacuit
379 1702 505 1740 quam
524 1688 770 1737 Palladium,
790 1705 915 1743 quam
933 1692 1062 1731 Vesta
1079 1699 1254 1744 penates

155 1747 232 1784 sub
251 1747 337 1786 lare
357 1746 587 1800 Pergameo
606 1757 819 1790 servarent
837 1754 934 1803 igne
953 1758 1134 1804 reposto,

202 1848 217 1863 ‘¹
240 1844 310 1877 For
324 1845 607 1879 administrative
621 1858 790 1891 purposes
805 1848 917 1882 Rome
931 1860 1002 1882 was
1017 1850 1161 1883 divided
1175 1851 1224 1894 by
1236 1851 1374 1895 Augus-

157 1891 216 1920 tus
231 1889 307 1921 into
325 1891 366 1921 14
384 1890 404 1902 “
418 1890 592 1932 regions.''

205 1932 217 1952 ⁶
241 1932 304 1965 See
321 1936 405 1966 note
422 1944 467 1966 on
485 1934 514 1972 Ι,
532 1936 611 1968 582.

202 1981 214 1996 ⁶
237 1976 348 2009 There
372 1988 460 2010 were
485 1978 604 2020 public
627 1980 844 2022 grain-mins,
870 1981 993 2014 driven
1018 1981 1067 2025 by
1090 1985 1209 2022 water,
1234 1993 1280 2016 on
1305 1983 1368 2017 the

154 2019 358 2053 ..Ianiculum
408 2021 715 2066 (Platner-Ashby,
767 2025 1036 2067 Topoqraphical
1082 2026 1286 2070 Dietionary
1334 2027 1375 2072 os

153 2063 301 2096 Ancient
316 2065 434 2103 Rome,
452 2077 516 2099 ΒΝ.
535 2067 716 2109 Molinae).

153 2111 199 2147 82
