1456 2358
155 2114 227 2152 268

559 166 562 168 -
586 141 949 183 PRUDENTIUS

263 251 526 302 reciprocatis
546 248 809 287 administrat
826 247 1000 294 circulis,
1343 295 1346 298 ,

263 313 378 349 cuius
397 323 565 348 recursu
582 309 655 347 lux
675 314 719 347 et
738 321 868 347 annus
888 308 1066 354 ducitur,
1298 309 1375 350 575

315 373 432 423 ignes
451 369 656 422 parandos
675 371 759 407 iam
777 369 855 407 tibi
873 371 1002 407 tristis
1020 371 1124 421 rogi,

264 434 335 482 qui
354 430 435 469 fine
455 430 582 483 digno
601 442 747 481 corpus
765 428 878 467 istud
897 429 1112 475 devorent,

264 491 375 542 quod
393 503 662 542 perseverans
681 495 770 528 tam
787 491 944 527 resistit
962 491 1156 540 nequiter

261 553 384 589 sacris
403 552 594 595 vetustis,
613 562 690 588 nec
709 549 898 588 dolorum
916 548 1081 600 spiculis

261 613 418 649 victum
436 610 606 656 fatiscit,
626 609 758 661 fitque
776 611 920 660 poenis
939 608 1099 647 fortius.
1298 610 1376 650 580

314 673 405 722 quis
423 670 534 708 hunc
551 672 732 722 rigorem
749 671 908 721 pectori
926 671 1069 707 iniecit
1087 668 1258 720 stupor?

261 744 378 769 mens
397 731 608 769 obstinata
628 735 707 775 est,
726 742 871 780 corpus
892 742 1014 767 omne
1033 728 1246 775 obcalluit,

261 796 403 829 tantus
422 790 576 829 novelli
594 790 801 842 dogmatis
821 795 970 842 regnat
989 787 1124 827 furor:

260 851 326 889 hic
345 864 497 902 nempe
516 856 655 889 vester
674 849 860 888 Christus
879 849 992 888 haud
1010 849 1109 887 olim
1127 847 1222 895 fuit,

261 924 387 963 quem
405 917 454 949 tu
472 910 616 949 fateris
635 912 723 962 ipse
743 909 934 948 suffixum
953 907 1105 947 cruci.”
1298 911 1374 951 585

315 970 338 984 ‘⁴
356 971 460 1010 haec
477 970 550 1008 illa
568 984 668 1008 crux
688 975 753 1008 est
771 972 955 1008 omnium
973 975 1161 1008 nostrum
1179 968 1332 1015 salus,''

262 1031 471 1070 Romanus
490 1033 649 1082 inquit:
683 1028 707 1042 “
726 1029 902 1068 hominis
921 1029 1025 1068 haec
1043 1029 1277 1082 redemptio
1297 1035 1374 1069 est.
1431 1025 1434 1027 ’

262 1094 345 1130 scio
363 1094 604 1142 incapacem
622 1096 666 1129 te
687 1092 949 1135 sacramenti,
967 1092 1094 1141 inpie,

262 1165 345 1190 non
363 1164 484 1202 posse
504 1153 635 1189 caecis
655 1150 842 1188 sensibus
861 1152 1107 1202 mysterium

262 1211 426 1250 haurire
445 1216 656 1250 nostrum:
689 1210 747 1248 nil
766 1210 959 1248 diurnum
977 1223 1060 1248 nox
1079 1211 1204 1262 capit.
1298 1212 1375 1251 590

314 1278 458 1310 tamen
476 1274 520 1309 in
538 1271 722 1309 tenebris
741 1269 949 1322 proferam
967 1270 1121 1308 claram
1139 1269 1286 1309 facem.

261 1345 384 1370 sanus
403 1331 576 1376 videbit,
594 1330 730 1382 lippus
750 1330 888 1369 oculos
908 1330 1096 1382 obteget.

262 1391 270 1405 ‘
289 1397 502 1430 removete
520 1389 690 1436 lumen,'
710 1390 823 1429 dicet
841 1390 1103 1435 insanabilis3

261 1451 269 1465 ⁴
289 1454 484 1490 iniuriosa
504 1457 568 1489 est
586 1450 645 1488 nil
663 1450 821 1489 videnti
840 1449 1033 1489 claritas?

261 1512 373 1558 audi,
392 1510 579 1563 profane,
599 1510 711 1562 quod
729 1516 925 1563 gravatus
945 1510 1092 1549 oderis.
1297 1513 1374 1552 595

312 1585 456 1624 regem
474 1584 703 1623 perennem
722 1584 795 1609 rex
814 1573 1007 1622 perennis
1026 1570 1201 1622 protulit

259 1635 301 1670 in
321 1646 365 1670 se
385 1637 628 1670 manentem
646 1644 723 1669 nec
742 1633 948 1668 minorem
962 1636 1168 1682 tempore,

260 1694 358 1743 quia
375 1698 541 1743 tempus
560 1690 677 1728 illum
696 1704 779 1728 non
797 1696 940 1735 tenet;
974 1703 1071 1728 nam
1089 1689 1180 1729 fons
1199 1696 1311 1730 retro

261 1752 522 1790 exordiorum
542 1756 606 1789 est
626 1756 671 1789 et
689 1751 850 1789 dierum
871 1756 915 1788 et
934 1756 1184 1802 temporum,

261 1826 311 1850 ex
333 1810 457 1850 Patre
477 1810 686 1849 Christus:
719 1810 797 1848 hoc
817 1808 955 1856 Pater,
975 1810 1087 1861 quod
1106 1810 1244 1849 Filius.
1295 1813 1372 1852 600

310 1871 376 1910 hic
395 1884 439 1910 se
459 1870 683 1909 videndum
702 1872 913 1921 praestitit
932 1870 1189 1916 mortalibus,

259 1931 433 1970 mortale
453 1943 599 1982 corpus
619 1932 794 1981 sumpsit
812 1929 1102 1976 inmortalitas,

259 1997 321 2038 ut,
340 1992 441 2030 dum
460 1990 661 2029 caducum
679 1995 821 2042 portat
841 1995 1035 2029 aeternus
1055 1989 1186 2036 Deus,

259 2054 434 2090 transire
453 2056 640 2089 nostrum
659 2055 800 2102 posset
820 2049 873 2088 ad
892 2049 1110 2089 caelestia:
