1456 2358
610 137 972 182 PRUDENTIUS

343 245 494 283 inridet
512 244 589 284 hoc
609 245 876 297 Asclepiades
895 246 1056 294 laetior,

290 299 408 337 addit
426 299 601 338 deinde:
636 299 658 313 “
678 301 880 352 numquid
898 302 1200 349 inclementius,

288 356 395 392 sicut
414 354 589 400 solebas,
610 368 653 393 es
672 361 841 406 paratus
861 356 1028 395 dicere?

290 406 414 446 effare
435 409 595 459 quidvis
615 423 662 448 ac
681 423 828 461 perora
847 416 891 450 et
910 410 1077 450 dissere.

288 465 486 513 permitto
506 476 649 502 vocem
667 464 796 503 libere
815 470 864 503 ut
883 465 1119 505 exerceaS.'’
1321 469 1398 510 925

339 517 548 556 Romanus
568 518 653 557 alto
672 519 794 558 corde
814 522 1020 571 suspirans
1040 521 1112 559 diu

285 574 446 623 gemitu
466 573 694 623 querellam
712 577 842 612 traxit
861 580 906 613 et
923 577 980 613 sic
999 589 1112 614 orsus
1133 582 1220 615 est:

287 625 309 638 “
330 626 540 664 Christum
558 627 744 679 loquenti
763 628 906 681 lingua
923 643 1151 681 numquam
1169 629 1323 677 defuit,

285 694 362 718 nec
381 682 508 719 verba
526 695 700 732 quaeras
721 696 802 734 quo
821 690 1020 736 regantur
1039 698 1207 737 organo,
1451 732 1453 734 ¹

284 748 379 773 eum
397 736 661 787 praedicatur
678 740 766 788 ipse
786 739 1004 777 verborum
1023 739 1155 778 dator.
1318 742 1395 782 930

337 793 407 841 qui
426 789 526 829 fecit
545 797 593 830 ut
611 794 670 830 vis
690 795 798 830 vocis
818 806 1013 844 expressa
1030 796 1178 833 intimo

283 844 478 895 pulmone
499 851 543 884 et
562 849 641 884 oris
660 852 773 885 torta
791 848 867 885 sub
886 848 1100 887 testudine

283 913 391 937 nunc
412 913 463 938 ex
482 900 623 951 palato
643 901 717 939 det
735 914 994 953 repercussos
1013 916 1147 950 sonos,

282 967 392 991 nunc
410 960 671 1006 temperetur
689 955 879 995 dentium
897 957 950 995 de
968 960 1150 1008 pectine,
1451 969 1456 1010 ς’

282 1011 419 1059 sitque
438 1008 500 1047 his
521 1010 692 1062 agendis
710 1010 853 1063 lingua
870 1011 1075 1063 plectrum
1093 1013 1260 1059 mobile,
1317 1015 1392 1056 935
1446 1012 1456 1054 ’ξ

333 1066 366 1101 si
385 1063 558 1102 mandet
575 1064 688 1102 idem
707 1064 888 1103 faucium
906 1068 963 1104 sie
982 1066 1140 1105 fistulas
1451 1067 1456 1077 ''

281 1120 435 1168 spirare
454 1117 557 1157 flatu
576 1122 840 1158 concinentes
860 1134 1037 1159 consono

280 1178 328 1210 ut
347 1173 473 1211 verba
491 1176 534 1211 in
552 1176 649 1225 ipsis
670 1174 880 1226 explicent
898 1176 1120 1222 meatibus,

280 1226 346 1264 vel
366 1230 481 1265 exitu
501 1230 580 1266 oris
599 1228 798 1280 cymbalis
816 1228 1016 1281 profarier

279 1295 387 1319 nunc
406 1293 547 1333 pressa
565 1296 688 1334 parce
707 1283 836 1329 labra,
856 1298 964 1322 nunc
982 1284 1155 1332 hiantia,
1313 1287 1391 1328 940
1442 1312 1444 1314 ·

330 1336 551 1375 dubitasne
571 1340 677 1376 verti
695 1351 816 1389 posse
835 1345 1010 1377 naturae
1029 1345 1202 1386 statum,

278 1393 343 1428 cui
362 1390 474 1429 facta
493 1391 625 1429 forma
644 1398 722 1438 est,
742 1392 873 1443 qualis
895 1399 1005 1432 esset
1023 1395 1241 1445 primitus?
1436 1382 1456 1479 A}

278 1444 383 1483 hanc
402 1459 553 1497 nempe
573 1445 705 1485 factor
723 1453 901 1493 vertere,
921 1453 968 1486 ut
986 1448 1104 1495 libet,
1123 1455 1264 1501 potest

276 1502 515 1551 positasque
535 1500 649 1553 leges
669 1507 815 1540 texere
834 1515 881 1541 ac
900 1508 1107 1549 retexere,
1443 1481 1456 1672 1

1445 1733 1456 1808 Ξ

1446 1820 1456 1908 i

1446 1905 1456 1996 ἓ

276 1553 460 1606 linguam
478 1555 659 1606 loquella
678 1569 730 1594 ne
750 1559 980 1595 ministram
997 1557 1194 1609 postulet.
1310 1559 1386 1600 945

327 1612 386 1647 vis
406 1612 508 1648 scire
528 1613 657 1648 nostri
675 1613 853 1649 numinis
871 1612 1133 1663 potentiam?

275 1662 423 1702 fluctus
442 1664 638 1715 liquentis
658 1668 846 1716 aequoris
865 1669 1015 1717 pressit
1033 1667 1165 1718 pede:

274 1724 423 1756 natura
442 1718 553 1757 fluxa
573 1733 619 1757 ac
639 1722 775 1758 tenuis
794 1723 836 1758 in
855 1720 1033 1759 solidum
1051 1724 1148 1767 coit,

274 1785 399 1823 quam
418 1773 556 1824 dispar
574 1773 653 1812 illis
672 1774 832 1826 legibus
852 1778 942 1826 quis
961 1775 1128 1815 condita
1147 1777 1232 1816 est!

272 1827 378 1865 solet
398 1834 566 1866 natatus
586 1827 708 1874 ferre,
727 1828 810 1867 fert
829 1832 1016 1882 vestigia.
1305 1833 1382 1874 950

323 1881 453 1920 habet
471 1885 672 1921 usitatum
691 1897 840 1922 munus
859 1883 936 1922 hoc
955 1884 1148 1924 divinitas

272 1949 379 1986 quae
399 1950 496 1975 vera
514 1938 631 1976 nobis
650 1937 798 1976 colitur
815 1940 858 1976 in
877 1938 1040 1978 Christo
1060 1945 1104 1979 et
1123 1937 1262 1987 Patre,

270 1993 395 2029 mutis
414 1991 652 2042 loquellam,
672 1995 875 2043 percitum
895 1993 1052 2032 claudis
1070 1994 1262 2046 gradum,

209 2075 225 2091 ⁰
248 2071 322 2104 The
336 2072 552 2106 instrument
566 2073 654 2106 used
669 2073 724 2106 for
738 2073 888 2117 striking
903 2074 965 2108 the
980 2075 1110 2118 stringe
1125 2075 1166 2109 of
1175 2075 1238 2109 the
1251 2075 1339 2120 lyre.
1406 2083 1408 2086 ’

168 2129 237 2166 290
