1456 2358
192 2136 264 2162 200

609 136 970 179 PRUDENTIUS

289 244 479 283 caelestis
499 258 642 283 auram
659 246 841 283 muneris

289 298 457 351 perfusa
475 300 619 338 subter
636 298 845 337 hauriunt.

342 356 398 392 sic
417 367 578 406 corpus,
598 360 662 392 ast
680 356 815 405 ipsum
835 353 917 391 Dei

290 409 409 447 sedes
429 414 645 460 receptum
664 410 850 447 continet

290 477 384 502 cum
406 463 642 502 Maccabeis
661 462 856 502 fratribus

290 524 489 570 sectoque
507 518 657 557 Esaiae
675 519 921 569 proximum.

343 572 519 625 simplex
537 572 612 611 sed
628 572 708 611 illis
727 573 902 624 contigit

291 641 442 667 corona
458 640 701 680 poenarum,
721 627 869 678 quibus

292 682 418 721 finem
436 682 638 720 malorum
656 683 867 734 praestitit

291 739 435 776 mortis
454 750 669 788 supremus
690 738 839 774 exitus.

344 791 445 843 quid
463 791 548 830 tale
567 797 703 830 sector
722 804 843 829 ausus
864 790 955 829 est?

291 852 485 885 truncata
503 845 705 898 numquid
723 848 900 897 corporis

293 907 512 954 segmenta
530 907 626 953 post
644 914 799 939 serram
818 899 914 938 feris

293 957 446 995 obiecit
465 962 538 995 aut
557 956 677 994 undis
697 955 842 994 dedit?

344 1025 445 1049 num
466 1010 683 1049 Maccabei
700 1012 893 1062 martyris

292 1066 477 1118 linguam
495 1071 696 1118 tyrannus
717 1070 879 1103 erutam

293 1126 509 1172 raptamve
527 1120 681 1172 pellem
699 1122 863 1158 verticis

295 1176 437 1214 avibus
456 1177 637 1213 cruentis
657 1174 838 1213 obtulit?

346 1235 394 1269 tu
413 1230 536 1275 solus,
556 1244 580 1268 0
598 1230 661 1268 bis
679 1229 850 1281 inclyte,

294 1285 403 1323 solus
422 1285 552 1323 bravii
570 1283 743 1336 duplicis

294 1339 476 1391 palmam
494 1339 641 1384 tulisti,
660 1344 707 1377 tu
727 1338 830 1377 duas

294 1394 415 1432 simul
433 1396 588 1446 parasti
606 1393 780 1431 laureas.

345 1452 388 1487 in
407 1455 540 1487 morte
560 1451 689 1486 victor
709 1461 868 1499 aspera,

294 1510 386 1542 tum
405 1503 556 1542 deinde
575 1508 670 1555 post
688 1508 867 1541 mortem
884 1503 974 1553 pari

294 1561 424 1597 victor
442 1557 652 1609 triumpho
671 1559 846 1609 proteris

295 1613 381 1651 solo
399 1613 604 1651 latronem
623 1625 805 1663 corpore.

347 1667 493 1706 adesto
512 1680 621 1705 nunc
642 1673 685 1705 et
704 1669 870 1718 percipe

294 1736 414 1761 voces
433 1727 678 1774 precantum
697 1721 917 1772 supplices,

294 1779 424 1816 nostri
443 1782 584 1815 reatus
604 1776 746 1814 efficax

295 1837 434 1870 orator
453 1831 506 1869 ad
524 1831 720 1869 thronum
740 1829 886 1868 Patris.

346 1899 421 1939 per
439 1892 498 1931 te,
517 1899 592 1937 per
610 1885 727 1923 illum
746 1897 966 1930 carcerem,

295 1941 459 1979 honoris
479 1945 752 1992 augmentum
771 1942 848 1985 tui,

294 2009 370 2047 per
388 1995 534 2040 vincla,
554 1994 754 2039 flammas,
774 1993 963 2046 ungulas,

295 2063 370 2102 per
388 2049 636 2088 carceralem
655 2051 856 2101 stipitem,

1323 296 1401 336 520

1325 570 1402 609 525
1443 560 1446 562 ’

1325 843 1403 883 530

1325 1117 1402 1157 535

1325 1389 1404 1431 540

1327 1663 1403 1704 545

1328 1937 1406 1978 550
