1456 2358
612 145 975 186 PRUDENTIUS

185 257 258 290 aut
276 252 464 290 titubant
482 252 634 290 morbis
655 257 728 290 aut
746 257 935 303 tempore
954 254 1064 290 victa
1082 257 1318 299 senescunt,

183 325 260 350 nec
279 317 429 350 natura
448 317 563 350 caret
582 314 696 357 vitio,
715 314 781 350 cui
800 315 1000 350 terminus
1019 314 1160 351 instat.
1329 313 1405 352 996

184 386 362 424 semper,
382 372 519 418 crede,
538 372 655 423 polus
675 375 795 410 variis
814 373 1082 424 proventibus
1102 386 1229 411 annos

184 435 345 471 texuit:
378 432 452 471 hos
471 432 605 470 multa
623 432 772 471 ditavit
791 432 911 485 fruge
930 432 1122 478 fluentes,
1168 425 1183 433 ¹*

185 493 386 545 quosdam
404 492 587 531 infelices
608 495 727 530 astris
746 493 958 531 damnavit
975 495 1139 544 iniquis,

185 567 259 605 spe
279 567 394 591 cassa
414 559 457 591 et
476 553 606 591 sterili
625 567 765 591 curam
785 552 1005 592 frustratus
1025 559 1247 605 agrestem.
1307 555 1408 595 1000

185 614 260 652 sed
279 616 312 652 si
331 613 521 652 Vestales
541 613 749 652 ulciscitur
767 616 847 652 ista
865 613 1024 665 puellas

186 677 330 726 pestis,
350 675 403 712 ab
421 674 548 712 infido
568 687 675 725 quae
694 676 879 726 gignitur
897 674 1071 726 inproba
1089 674 1258 720 mundo,

186 748 258 773 cur
277 748 360 773 non
380 734 667 772 Christicolum
686 740 852 772 tantum
871 734 1094 786 populatur
1113 734 1282 787 agellos,

187 808 262 847 per
281 808 383 846 quos
403 795 627 846 virginibus
647 797 792 833 vestris
812 801 924 833 stata
943 795 1052 833 dona
1070 794 1305 847 negantur?
1454 835 1456 838 ,

188 858 345 894 utimur
365 860 408 893 et
427 857 529 893 ruris
549 855 687 893 reditu
708 861 751 892 et
769 858 930 893 ratione
949 855 1124 901 colendi,
1309 856 1417 896 1005

190 928 384 954 exercere
404 929 573 953 manum
592 929 674 953 non
693 918 906 966 paenitet:
941 921 984 954 et
1002 915 1105 967 lapis
1124 915 1208 954 illic
1450 911 1456 919 '⁴

189 979 222 1014 si
242 978 376 1021 stetit,
397 978 590 1027 antiquus
611 989 736 1026 quem
755 978 921 1027 cingere
941 981 1134 1014 sueverat
1153 989 1264 1014 error

189 1036 377 1074 fasceolis
397 1036 462 1074 vel
480 1036 659 1088 gallinae
678 1036 874 1087 pulmone
893 1049 1053 1088 rogare,

190 1096 396 1148 frangitur
416 1102 459 1134 et
478 1096 598 1134 nullis
618 1096 794 1134 violatur
811 1096 1027 1134 Terminus
1047 1098 1169 1143 extis,
1451 1133 1456 1140 ἑ

192 1163 236 1195 et
256 1170 364 1209 quae
384 1155 585 1195 fumificas
607 1157 726 1195 arbor
745 1159 898 1195 vittata
916 1156 1103 1195 lucernas
1310 1158 1412 1197 1010
1452 1162 1456 1191 ἒ

191 1218 399 1263 servabat,
418 1216 530 1255 cadit
549 1217 684 1255 ultrici
703 1219 858 1255 succisa
877 1217 1058 1268 bipenni.

185 1291 269 1316 nec
288 1283 431 1316 tamen
450 1277 599 1315 idcirco
618 1280 750 1315 minor
770 1283 833 1315 est
853 1283 926 1315 aut
945 1276 1102 1315 fructus
1122 1277 1246 1329 agelli

194 1344 267 1376 aut
286 1340 550 1389 tempestatis
570 1337 792 1375 clementia
810 1337 922 1375 laeta
941 1350 1127 1383 serenae,

184 1404 403 1449 rtemperet
423 1404 495 1436 aut
513 1397 675 1449 pluvius
695 1400 765 1448 qui
784 1397 896 1436 culta
914 1397 1076 1436 novalia
1094 1403 1255 1436 ventus.

194 1459 268 1497 sed
286 1471 363 1496 nec
382 1472 534 1510 magno
553 1471 655 1509 opus
676 1463 740 1496 est
759 1457 867 1509 frugi
886 1458 1132 1504 viventibus,
1153 1463 1197 1496 et
1215 1471 1310 1496 cum

194 1522 376 1557 maxima
394 1521 642 1570 proveniunt
661 1532 743 1556 non
763 1518 900 1569 amplo
918 1521 960 1556 in
979 1518 1132 1570 gaudia
1150 1531 1274 1556 censu
1313 1519 1413 1558 1016
1454 1538 1456 1543 ¹

194 1579 388 1618 solvimur
406 1581 531 1630 inque
550 1579 709 1617 lucrum
729 1578 865 1617 studio
886 1578 1119 1617 exultamus
1139 1591 1273 1617 avaro.

194 1653 292 1678 nam
311 1640 459 1691 quibus
480 1645 697 1677 aeternum
717 1652 809 1690 spes
828 1638 1074 1677 informatur
1091 1641 1134 1677 in
1153 1652 1314 1685 aevum,

195 1713 317 1738 omne
337 1700 492 1738 bonum
510 1705 638 1738 tenue
659 1705 723 1738 est
743 1699 854 1750 quod
872 1712 1066 1750 praesens
1085 1701 1238 1751 ingerit
1258 1704 1386 1738 aetas.

243 1806 258 1820 ‘¹
282 1801 355 1833 The
385 1801 571 1843 boundary
601 1803 713 1838 stone,
741 1800 855 1832 which
885 1800 976 1832 from
1005 1799 1101 1842 early
1130 1799 1236 1832 times
1264 1810 1337 1832 was
1365 1809 1413 1832 an

197 1845 316 1886 object
332 1845 372 1877 of
385 1845 601 1877 veneration.
650 1844 755 1876 From
770 1844 832 1877 the
848 1854 977 1876 numen
992 1854 1032 1876 or
1047 1843 1149 1886 spirit
1164 1843 1317 1886 residing
1331 1843 1369 1876 in
1384 1843 1415 1876 it

196 1889 258 1922 the
277 1889 402 1921 notion
421 1889 461 1921 of
476 1889 537 1921 the
555 1888 625 1931 god
644 1889 827 1920 Terminus
846 1887 1050 1930 developed.
1098 1887 1164 1920 His
1182 1887 1325 1920 festival
1342 1897 1414 1920 was

198 1933 397 1966 celebrated
436 1934 473 1965 in
515 1933 697 1974 February
738 1932 857 1973 (Ovid,
899 1932 1011 1970 Fasti,
1054 1931 1104 1970 II,
1147 1931 1213 1965 639
1227 1930 1292 1973 ff.).
1339 1928 1414 1964 Tho

197 1977 384 2019 boundary
411 1977 523 2015 mark,
550 1976 665 2009 which
693 1976 807 2018 might
836 1976 879 2009 be
906 1979 972 2008 not
1001 1986 1023 2007 a
1052 1979 1153 2008 stone
1182 1975 1249 2008 but
1276 1986 1298 2008 a
1325 1978 1414 2008 tree-

197 2025 319 2062 stump
340 2021 458 2062 (Ovid,
480 2020 533 2053 l.c.
555 2021 680 2061 641—2)
701 2031 741 2052 or
760 2031 782 2052 a
802 2023 875 2053 tree
896 2019 952 2062 (cf.
973 2019 1043 2052 line
1067 2021 1152 2053 1010
1172 2019 1243 2052 and
1264 2019 1414 2058 Horace,
1454 2043 1456 2047 «

196 2065 358 2106 Epistles,
384 2065 433 2103 ΙΙ,
460 2066 492 2103 2,
522 2066 611 2106 170),
636 2075 707 2096 was
732 2064 818 2096 then
843 2064 1042 2102 decorated,
1068 2063 1140 2096 and
1164 2062 1318 2096 sacrifice
1341 2073 1414 2097 was

197 2128 246 2166 86
