1456 2358
631 134 993 180 PRUDENTIUS

412 244 507 283 VII.
537 259 562 283 A
591 245 825 284 FRATmnus
853 259 1026 285 Aom'rus
1055 247 1206 286 Iosnpn

253 323 456 363 Venditus
475 325 632 364 insidiis
651 325 826 364 fratrum
844 340 949 378 puer
966 329 1055 379 ipse
1074 330 1250 366 vicissim
1366 329 1416 369 25
1454 351 1456 354 ·

199 402 361 434 cratera
378 398 422 434 in
440 395 557 435 farris
577 411 694 436 sacco
713 397 820 436 clam
837 401 1040 451 praecipit
1059 399 1171 445 abdi,

198 473 329 518 utque
349 481 440 506 reos
459 466 560 507 furti
581 468 731 520 Ioseph
750 475 885 516 tenet,
904 472 1041 509 auctio
1060 469 1187 508 fallax

198 539 400 590 proditur,
420 546 650 591 agnoscunt
669 539 841 579 fratrem
861 543 1064 593 veniaque
1082 541 1330 593 pudescunt.

560 694 678 733 VIII.
711 695 823 733 Ioms
853 707 896 732 IN
925 695 1042 734 Runo

250 771 445 811 Sentibus
464 773 683 812 involitans
705 774 820 813 Deus
839 777 985 827 igneus
1005 789 1074 814 ore
1093 789 1260 814 corusco

196 844 405 895 conpellat
420 847 627 891 iuvenem,
643 849 801 897 pecoris
818 852 918 884 tunc
934 845 1042 886 forte
1059 849 1316 900 magistrum.
1362 849 1414 888 30

194 914 264 953 ille
284 917 396 967 capit
414 918 546 954 iussus
566 919 746 969 virgam3
781 917 828 956 fit
847 920 988 970 vipera
1006 921 1133 971 virga.

195 986 316 1025 solvit
335 987 468 1025 vincla
485 988 664 1039 pedum;
697 994 894 1040 properat
913 987 1136 1028 Pharaonis
1156 989 1208 1029 ad
1228 1002 1377 1030 arcem.

558 1137 631 1176 IX.
662 1138 764 1176 Ima
792 1151 871 1176 PER
901 1138 1031 1177 MAm:

246 1215 378 1255 Tutus
398 1219 486 1269 agit
505 1219 566 1255 vir
583 1220 716 1257 iustus
735 1221 816 1257 iter
835 1219 900 1257 vel
918 1232 994 1271 per
1012 1232 1126 1258 mare
1146 1233 1356 1272 magnum.

195 1300 291 1325 ecce
313 1287 394 1326 Dei
413 1287 577 1327 famulis
597 1292 751 1328 scissim
771 1289 880 1328 freta
897 1291 1022 1329 rubra
1040 1290 1272 1337 dehiscunt,

193 1371 288 1396 cum
307 1365 546 1410 peccatores
566 1360 730 1399 rabidos
752 1361 899 1400 eadem
919 1361 1028 1400 freta
1046 1369 1251 1415 mergant.
1359 1364 1410 1404 35

193 1430 381 1468 obruitur
400 1428 574 1477 Pharao,
591 1435 731 1483 patuit
749 1435 814 1470 via
832 1433 962 1471 libera
983 1432 1133 1486 Moysi.

487 1580 540 1620 X.
572 1580 740 1620 Movsns
769 1594 937 1621 Accm‘n·
965 1582 1113 1621 Luam

246 1659 398 1699 Fumat
415 1663 567 1699 montis
588 1674 695 1712 apex
714 1661 861 1700 divinis
881 1663 1059 1715 ignibus,
1077 1665 1120 1701 in
1139 1676 1222 1715 quo

193 1733 346 1782 scripta
364 1731 510 1770 decem
530 1732 664 1771 verbis
683 1746 876 1772 saxorum
894 1736 1048 1786 pagina
1068 1733 1206 1787 Moysi

192 1802 393 1848 traditur3
426 1802 497 1841 ille
516 1817 610 1843 suos
629 1810 823 1856 suscepta
840 1804 934 1857 lege
953 1807 1110 1852 revisit,

192 1872 324 1911 forma
342 1874 416 1912 sed
435 1874 497 1912 his
516 1874 635 1914 vituli
654 1875 762 1914 solus
782 1875 884 1914 deus
905 1882 948 1915 et
967 1876 1069 1915 deus
1089 1890 1247 1916 aurum.
1357 1878 1409 1918 40

281 2009 296 2024 ‘²
320 2004 464 2038 Genesis
478 2006 699 2040 xxxvii—xlv.
920 2006 934 2027 ⁶
957 2007 1104 2041 Exodus
1117 2008 1226 2041 iii—iv.

283 2053 295 2069 ⁶
320 2048 466 2081 Exodus
482 2050 555 2083 xiv.
915 2051 931 2071 ‘¹
954 2051 1101 2084 Exodus
1114 2053 1187 2091 xix,
1202 2053 1312 2086 xxxii.

192 2122 265 2161 350
