1456 2358
208 2116 278 2154 166

651 140 1012 183 PRUDENTIUS

330 246 478 285 Iuliam
498 252 643 286 cantus
662 254 829 287 resonet
848 249 1050 301 simulque

538 302 854 350 Quintilianum.

330 354 521 394 Publium
539 362 698 409 pangat
716 357 862 397 chorus
882 363 926 397 et
944 359 1129 398 revolvat

329 410 450 461 quale
471 411 688 451 Frontonis
707 411 834 451 fuerit
852 418 1084 464 tropaeum,

329 465 428 516 quid
445 466 578 504 bonus
598 466 714 505 Felix
732 466 890 514 tulerit,
910 468 1010 519 quid
1029 481 1122 507 acer

536 520 806 568 Caecilianus,

326 579 520 626 quantus,
539 575 676 621 Evoti,
695 581 770 614 tua
787 576 898 614 bella
915 580 1081 630 sanguis

325 631 512 675 tinxerit,
532 636 712 681 quantus
730 636 819 677 tua,
838 630 1065 679 Primitive‚

324 689 416 722 tum
435 689 529 722 tuos
548 687 667 723 vivax
687 685 843 724 recolat
861 686 1090 738 triumphos

533 739 635 785 laus,
654 740 873 791 Apodemi.

326 799 524 844 quattuor
541 795 732 845 posthinc
750 801 940 846 superest
958 798 1137 835 virorum

324 861 476 887 nomen
495 849 640 887 extolli
658 855 861 888 renuente
879 856 1028 897 metro,

325 915 425 954 quos
446 902 686 943 Saturninos
704 911 909 943 memorat
927 911 1092 944 vocatos

530 960 663 1009 prisca
681 964 880 998 vetustas.

323 1014 512 1051 carminis
531 1013 645 1065 leges
665 1027 779 1052 amor
798 1027 1016 1053 aureorum

322 1069 534 1105 nominum
553 1070 668 1119 parvi
686 1067 800 1115 facit,
821 1074 865 1107 et
882 1069 1079 1121 loquendi

321 1135 419 1159 cura
437 1122 489 1160 de
510 1125 661 1161 sanctis
680 1125 827 1161 vitiosa
845 1137 928 1162 non
947 1130 1011 1163 est

530 1190 606 1215 nec
625 1178 737 1216 rudis
756 1191 967 1230 umquam.

319 1230 466 1282 plenus
486 1237 550 1270 est
570 1234 668 1270 artis
687 1233 832 1271 modus
852 1232 1072 1272 adnotatas

321 1288 533 1324 nominum
552 1285 703 1325 formas
722 1290 896 1325 recitare
916 1288 1093 1335 Christo,

320 1353 421 1391 quas
440 1346 560 1379 tenet
579 1341 683 1379 caeli
700 1341 805 1380 liber
824 1342 1091 1394 explicandus

527 1400 715 1447 tempore
734 1398 855 1435 iusto.

319 1454 413 1487 octo
432 1455 532 1488 tunc
551 1455 714 1489 sanctos
732 1450 887 1490 recolet
906 1451 1135 1504 decemque

318 1504 490 1556 angelus
509 1518 646 1543 coram
666 1503 790 1544 Patre
810 1505 997 1557 Filioque

317 1559 429 1597 urbis
449 1561 568 1597 unius
587 1562 775 1612 regimen
793 1566 987 1599 tenentes

524 1616 612 1652 iure
631 1614 820 1665 sepulcri.

317 1669 416 1719 quin
435 1668 488 1707 ad
507 1670 725 1720 antiquum
743 1683 962 1709 numerum
979 1670 1170 1709 trahetur

314 1725 406 1761 viva
423 1728 518 1774 post
536 1736 696 1774 poenae
715 1726 924 1775 specimen
942 1725 1096 1776 puella,

314 1790 506 1829 morsque
524 1778 540 1802 1
560 1778 766 1824 Vincenti,
785 1781 851 1817 cui
869 1781 1034 1831 sanguis
1052 1779 1147 1818 hinc
1167 1785 1231 1819 est

523 1831 613 1871 fons
634 1839 678 1872 et
696 1832 875 1879 honoris,

313 1886 465 1926 additis
481 1886 498 1911 2
517 1887 622 1926 Gaio
642 1887 734 1939 (nec
755 1890 865 1926 enim
883 1887 1047 1941 silendi)

311 1946 455 1993 teque,
476 1941 702 1988 Crementi,
722 1942 870 1994 quibus
888 1945 1150 1982 incruentum

707 2054 720 2075 ¹
744 2056 855 2097 tuque
867 2054 913 2088 A.

1361 472 1435 512 155

1359 746 1434 785 160

1357 1019 1431 1066 165

1354 1291 1429 1331 170

1352 1564 1426 1604 175

1349 1837 1424 1877 180
