1456 2358
171 2130 244 2166 204

592 133 954 174 PRUDENTIUS

322 240 529 293 Hispanos
550 241 665 279 Deus
686 242 831 292 aspicit
850 240 1068 291 benignus,

271 310 408 334 arcem
428 295 766 347 quandoquidem
784 300 933 346 potens
954 294 1153 332 Hiberam

270 354 379 389 trino
398 356 582 402 martyre
601 350 779 388 Trinitas
799 355 980 387 coronat.

323 406 470 444 ardens
491 406 700 457 Augurius
721 406 899 455 capessit
918 403 1121 449 aethram,

270 474 346 499 nec
366 474 448 498 non
467 460 666 511 Eulogius
680 459 807 497 simul
825 471 1050 510 supernum
1065 457 1082 482 1

271 515 423 554 Christi
441 514 600 553 lucidus
621 514 674 552 ad
692 513 822 552 sedile
841 513 991 552 tendit.

322 570 407 608 dux
428 575 472 608 et
490 571 680 620 praevius
701 574 744 606 et
763 570 962 620 magister
978 567 1058 606 illis

271 624 324 663 ad
343 630 510 663 tantum
529 624 654 662 decus
676 637 727 661 ex
748 622 970 674 episcopali

270 679 403 717 clarus
422 681 589 717 nomine
607 678 859 717 Fructuosus
877 678 981 722 ibat,

324 736 478 772 accitus
498 736 596 785 quia
613 732 812 784 praesidis
831 737 1006 784 repente

270 791 383 827 iussu
402 793 574 827 venerat
593 788 647 826 ad
665 786 800 826 forum
818 786 1008 825 sacerdos

272 842 428 882 Levitis
447 843 741 881 comitantibus
760 842 933 880 duobus.

322 898 421 936 inde
433 897 494 938 ,ad
513 910 747 936 carceream
765 899 870 935 viros
890 902 1083 934 catenam

271 958 415 1004 pastus
435 955 636 1004 sanguine
656 950 840 990 carnifex
859 951 1079 995 trahebat3

271 1007 430 1060 gaudet
448 1020 612 1045 currere
633 1006 882 1044 Fructuosus
901 1005 1023 1044 ultro.

325 1075 386 1107 ac,
405 1075 459 1099 ne
479 1064 569 1113 quis
589 1063 717 1099 socios
737 1063 861 1099 timor
879 1059 1037 1106 feriret,

272 1122 518 1168 praeceptor
536 1115 760 1154 vehemens
781 1115 918 1154 eundo
938 1114 1075 1153 firmat

272 1171 540 1222 incenditque
560 1170 686 1209 fidem
705 1170 839 1208 calore
859 1169 1024 1208 Christi.

325 1225 348 1239 “
367 1239 532 1264 mecum
550 1231 676 1271 state,
695 1227 782 1263 viri.
836 1230 957 1263 vocat
975 1229 1170 1263 cruentus

274 1280 327 1319 ad
345 1294 524 1332 poenam
542 1280 711 1319 coluber
730 1279 812 1318 Dei
830 1281 1061 1324 ministros3

273 1348 326 1373 ne
345 1349 454 1374 mors
473 1340 632 1374 terreat
642 1347 654 1381 3
689 1340 754 1373 est
772 1340 919 1386 parata
932 1333 1088 1385 palma.

325 1403 463 1428 carcer
482 1388 733 1428 Christicolis
751 1389 904 1441 gradus
923 1401 1098 1427 coronae
1119 1393 1196 1433 est,

273 1457 412 1483 carcer
429 1443 620 1496 provehit
639 1443 693 1482 ad
711 1457 890 1495 superna
908 1443 1026 1488 caeli,

274 1513 412 1537 carcer
430 1499 622 1537 conciliat
642 1498 781 1537 Deum
799 1496 977 1536 beatis.''

325 1553 388 1592 his
407 1553 528 1592 dietis
548 1553 706 1592 adeunt
724 1566 894 1604 specum
912 1566 1090 1598 reorum,

275 1614 473 1647 exercent
491 1609 548 1646 ibi
567 1610 789 1660 mysticum
807 1607 1030 1652 lavacrum,

276 1669 319 1702 et
338 1676 568 1715 purgamen
589 1675 722 1714 aquae
741 1668 914 1713 stupent
932 1662 1146 1700 tenebrae.

327 1731 399 1756 sex
419 1718 484 1755 hic
503 1720 707 1756 continuis
726 1717 862 1755 latent
881 1717 1041 1762 diebus,

275 1773 446 1811 tandem
466 1777 580 1810 stant
599 1774 724 1810 trucis
745 1771 798 1809 ad
817 1771 997 1809 tribunal
1017 1771 1168 1809 hostis:

275 1826 423 1865 fratres
443 1829 696 1878 tergeminos
716 1831 903 1864 tremunt
922 1831 1121 1864 catastae.

326 1881 452 1919 iudex
473 1881 729 1919 Aemilianus
749 1881 980 1918 inminebat

276 1941 409 1981 atrox,
429 1936 633 1980 turbidus,
652 1935 845 1980 insolens,
864 1934 1082 1986 profanus3

277 2004 366 2028 aras
386 1991 647 2029 daemonicas
667 1990 745 2028 coli
763 1990 948 2028 iubebat.

328 2044 350 2058 ‘⁴
371 2051 432 2091 tu,
452 2047 523 2096 qui
542 2043 727 2091 doct0r‚”
749 2047 821 2091 ait,
841 2043 864 2058 “
883 2046 983 2083 seris
1003 2043 1210 2083 novellum

1332 567 1383 606 10

1333 841 1383 880 15

1333 1114 1384 1153 20

1335 1388 1384 1428 25

1334 1661 1385 1700 30

1334 1935 1384 1974 35
