1456 2358
610 128 972 170 PRUDENTIUS

256 231 259 235 ’
312 235 527 274 XXXVII.
557 235 753 284 QUINQUE
781 234 914 274 Pmms
943 248 994 274 ET
1021 249 1104 275 nuo
1131 235 1270 276 szcns

235 305 429 357 Quinque
450 306 565 345 Deus
584 320 713 358 panes
733 306 859 360 fregit
877 310 1093 360 piscesque
1111 308 1327 361 gemellos,

182 359 243 398 his
262 360 475 399 hominum
492 361 606 414 large
625 364 827 401 saturavit
842 362 956 401 milia
973 365 1168 415 quinque.
1323 364 1398 405 146
1451 373 1456 376 ”

182 414 394 466 inplentur
412 418 539 455 nimio
557 419 756 454 micarum
775 416 978 469 fragmine
998 418 1141 457 corbes

182 469 244 507 bis
264 472 367 515 seni,
387 476 585 509 aeternae
603 476 725 510 tanta
744 477 809 510 est
827 471 1041 524 opulentia
1058 485 1241 511 mensae.

287 574 526 613 XXXVIII.
557 575 748 614 LAzAaus
776 588 1012 615 suscrrA'rus
1039 590 1065 615 A
1094 575 1290 616 Mowrms

234 645 428 684 Conscius
447 648 617 699 insignis
637 646 737 686 facti
756 647 868 686 locus
887 650 930 685 in
949 647 1154 687 Bethania

181 700 285 738 vidit
303 701 355 738 ab
372 699 535 740 inferna
550 707 610 748 te,
629 701 799 748 Lazare,
817 702 916 740 sede
933 716 1156 742 reversum.
1322 705 1398 745 150
1430 720 1431 723 ¹

181 761 357 806 apparet
374 758 544 794 scissum
562 755 702 795 fractis
722 756 877 795 foribus
895 763 1226 804 monumentum,

179 810 291 848 unde
309 813 586 861 putrescentis
605 811 820 850 redierunt
837 812 1025 850 membra
1042 812 1207 864 sepulti.

489 913 685 952 XXXIX.
716 914 837 952 Aona
863 913 1084 953 SANGles

231 983 410 1036 Campus
431 984 738 1023 Acheldemach
758 985 921 1024 sceleris
941 985 1133 1024 mercede
1153 985 1324 1026 nefandi

179 1038 371 1077 venditus
391 1042 588 1091 exequias
606 1042 753 1091 recipit
770 1040 1001 1079 tumulosus
1018 1040 1262 1079 humandas.

178 1096 388 1145 sanguinis
428 1094 506 1132 hoc
543 1097 727 1146 pretium
766 1100 832 1133 est
870 1094 1036 1133 Christi.
1092 1095 1198 1134 Iuda
1236 1098 1397 1192 emipgbs

282 1154 394 1187 artat
1437 1172 1456 1190 η

177 1201 322 1240 infelix
341 1203 492 1241 collum
509 1203 659 1255 laqueo
677 1217 751 1255 pro
769 1206 939 1242 crimine
957 1210 1090 1243 tanto.

540 1307 630 1347 XL.
660 1308 812 1349 Domus
841 1308 1029 1347 CAIPHAE

232 1379 351 1430 Inpia
369 1378 601 1431 blasphemi
620 1379 770 1418 cecidit
789 1379 934 1418 domus
956 1392 1051 1418 ecce
1071 1379 1269 1432 Caiphae,

177 1435 220 1470 in
240 1447 323 1484 qua
340 1433 506 1485 pulsata
525 1440 590 1473 est
609 1434 737 1486 alapis
757 1433 882 1473 facies
902 1448 1017 1472 sacra
1036 1434 1201 1473 Christi.

178 1487 244 1526 hic
262 1494 501 1539 peccatores
520 1494 664 1527 manet
684 1491 835 1535 exitus,
854 1489 1004 1527 obruta
1023 1502 1198 1540 quorum

178 1545 264 1581 vita
282 1545 455 1581 ruinosis
475 1543 645 1582 tumulis
664 1545 751 1581 sine
772 1543 853 1582 fine
872 1544 1037 1582 iacebit.
1320 1546 1395 1585 160
1448 1545 1456 1569 -’

303 1641 415 1680 XLI.
446 1642 646 1681 COLUMNA
673 1655 727 1680 An
755 1655 868 1686 QUAM
897 1654 1170 1681 FLAGELLATUS
1198 1655 1270 1681 EST

683 1697 888 1736 Cnmsrus

230 1761 402 1802 Vinctus
442 1765 486 1801 in
525 1763 588 1802 his
631 1763 834 1802 Dominus
875 1765 996 1802 stetit
1037 1763 1224 1810 aedibus,
1264 1769 1394 1816 atque

281 1817 497 1856 columnae

178 1871 363 1911 adnexus
381 1878 548 1925 tergum
566 1872 684 1911 dedit
701 1878 749 1911 ut
766 1872 912 1911 servile
930 1871 1117 1925 flagellis.

402 1974 417 1989 ‘²
439 1970 612 2003 Matthew
625 1971 698 2003 xiv.
968 1970 982 1991 ⁶
1004 1969 1102 2004 John
1117 1970 1165 2003 xi.

404 2019 415 2034 ⁰
439 2013 611 2047 Matthew
624 2015 734 2047 xxvii.
783 2014 836 2056 Cf.
854 2014 940 2047 Acts
953 2014 977 2053 i,
996 2014 1050 2047 19.

401 2058 416 2077 ‘¹
441 2057 494 2100 Cf.
511 2057 613 2090 Mark
628 2058 699 2097 xiv,
715 2059 758 2091 53
773 2058 810 2091 ff.

177 2104 251 2154 364
