1456 2358
233 2100 302 2147 164

659 118 1021 161 PRUDENTIUS

337 227 452 271 vivis,
472 239 519 263 ac
538 239 698 277 poenae
718 228 867 266 seriem
885 230 1056 274 retexis,

337 282 469 318 carnis
489 286 533 319 et
552 294 698 319 caesae
717 281 894 332 spolium
912 288 1128 321 retentans

337 339 475 373 taetra
494 348 619 386 quam
638 335 770 374 sulcos
788 335 973 375 habeant
993 350 1152 376 amaros

544 388 714 428 vulnera
732 404 886 436 narras.

336 443 535 482 barbarus
553 449 686 483 tortor
704 444 813 483 latus
833 459 955 484 omne
974 448 1140 498 carpsit,

336 501 504 550 sanguis
522 501 733 550 inpensus,
751 499 935 539 lacerata
952 501 1153 548 membra,

335 558 482 604 pectus
502 554 660 592 abscisa
678 557 816 605 patuit
834 555 990 608 papilla

544 608 666 647 corde
686 609 763 647 sub
782 611 883 660 ipso.

335 664 417 699 iam
435 665 571 701 minus
589 666 733 701 mortis
752 666 934 715 pretium
952 670 1148 716 peractae
1167 671 1247 713 est,

336 729 443 768 quae
462 722 690 756 venenatos
710 718 878 757 abolens
897 718 1059 759 dolores

335 773 539 810 concitam
557 773 753 811 membris
772 773 920 812 tribuit
939 776 1125 825 quietem

543 826 624 865 fine
643 840 802 878 soporo.

334 880 462 919 cruda
479 886 524 919 te
542 880 714 934 longum
732 885 871 921 tenuit
889 885 1058 922 cicatrix

336 940 380 974 et
398 935 470 974 diu
488 938 602 974 venis
621 936 738 975 dolor
754 936 891 976 haesit
909 937 1072 983 ardens,

334 990 435 1028 dum
452 995 741 1042 putrescentes
759 997 909 1031 tenuat
927 992 1131 1032 medullas

541 1045 707 1084 tabidus
725 1059 855 1085 umor.

334 1099 496 1138 invidus
516 1103 702 1151 quamvis
721 1101 882 1139 obitum
900 1114 1139 1153 supremum

334 1157 608 1205 persecutoris
626 1155 788 1207 gladius
808 1158 985 1208 negarit,

333 1208 458 1261 plena
476 1214 535 1255 te,
553 1215 726 1262 martyr,
745 1215 888 1249 tamen
907 1216 955 1249 ut
973 1217 1250 1264 peremptam,

541 1277 677 1315 poena
695 1270 876 1303 coronat.

334 1318 510 1356 vidimus
528 1323 692 1369 partem
710 1321 854 1358 iecoris
873 1319 1077 1359 revulsam

333 1372 499 1424 ungulis
517 1372 640 1424 longe
659 1375 831 1412 iacuisse
850 1377 1021 1426 pressis:

333 1440 442 1465 mors
460 1426 590 1466 habet
607 1427 766 1479 pallens
786 1428 941 1480 aliquid
960 1434 1126 1468 tuorum

541 1487 586 1520 te
606 1495 770 1534 quoque
789 1485 893 1522 viva.

333 1536 442 1575 hunc
461 1550 613 1575 novum
632 1543 797 1576 nostrae
817 1538 986 1577 titulum
1006 1538 1227 1579 fruendum

335 1591 691 1644 Caesaraugustae
710 1592 828 1631 dedit
845 1595 933 1644 ipse
953 1592 1154 1640 Christus,

333 1648 430 1698 iuge
450 1648 625 1684 viventis
644 1646 789 1685 domus
809 1653 856 1686 ut
874 1647 1013 1686 dicata

541 1703 734 1753 martyris
753 1708 876 1741 esset.

335 1768 433 1807 ergo
452 1761 518 1793 ter
536 1757 644 1794 senis
663 1769 778 1794 sacra
796 1757 1040 1803 candidatis,

333 1810 448 1848 dives
469 1809 642 1861 Optato,
662 1810 782 1849 simul
802 1816 846 1849 et
866 1810 1068 1863 Luperco,

333 1877 462 1916 perge
481 1867 758 1916 conscriptum
777 1866 943 1904 tibimet
962 1871 1154 1906 senatum

542 1932 725 1971 pangere
745 1919 924 1971 psalmis.

334 1973 412 2011 ede
432 1972 687 2019 Successum‚
706 1987 808 2012 cane
830 1974 1082 2022 Martialem,

332 2041 441 2066 mors
461 2033 506 2067 et
525 2028 683 2067 Urbani
703 2029 779 2067 tibi
798 2031 1050 2076 concinatur,

1370 395 1447 435 120

1370 668 1446 709 125

1368 941 1446 982 130

1368 1180 1444 1254 135

1364 1486 1441 1528 140

1367 1759 1442 1801 145

1365 2033 1441 2087 ιω
