1456 2358
581 121 942 162 PRUDENTIUS

259 231 291 267 si
311 243 465 267 numen
484 229 588 274 ollis,
607 242 762 267 numen
782 235 826 268 et
845 231 973 281 porris
992 231 1114 267 inest.
1294 231 1369 270 265
1437 255 1443 258 -

310 284 384 322 sed
402 283 572 335 pulchra
590 297 655 322 res
676 289 740 322 est
758 283 890 322 forma
907 286 951 321 in
971 297 1066 322 aere
1085 283 1298 335 sculptilis.

259 338 359 389 quid
377 339 620 390 inprecabor
639 338 806 376 officinis
827 338 1040 384 Graeciae,

259 406 366 444 quae
386 391 661 431 condiderunt
679 394 875 445 gentibus
894 392 1031 431 stultis
1051 393 1178 432 deos?

258 447 418 499 forceps
441 447 641 500 Myronis,
660 447 834 486 malleus
854 446 1045 500 Polycliti

258 508 408 540 natura
426 508 611 540 vestrum
631 508 695 540 est
714 508 841 553 atque
861 505 975 554 origo
994 502 1202 541 caelitum.
1293 504 1370 543 270

310 570 374 595 ars
394 556 643 595 seminandis
663 557 805 595 efficax
825 557 1042 602 erroribus,

258 612 430 650 barbam
448 614 656 663 rigentem
675 611 775 649 dum
796 611 902 649 Iovis
922 611 1217 663 circumplicat,

258 666 359 704 dum
378 665 635 704 defluentem
653 666 804 704 leniter
821 665 993 704 flectens
1013 679 1174 705 comam

257 720 376 759 limat
395 720 564 772 capillos
585 726 628 759 et
647 721 862 773 corymbos
883 720 1036 766 Liberi,
1299 759 1304 764 ,

259 781 303 813 et
322 775 422 813 dum
444 775 659 813 Minervae
678 781 825 827 pectus
843 775 984 827 hydris
1004 781 1184 827 asperat,
1293 777 1369 816 275

309 832 452 868 iniecit
471 836 605 868 atram
624 832 779 868 territis
799 829 1076 876 formidinem,

258 890 307 923 ut
325 884 484 922 fulmen
504 887 608 922 aeris
628 898 705 922 ceu
723 884 922 923 Tonantis
940 884 1151 930 horreant,

258 945 442 977 tremant
461 952 668 977 venenum
687 939 890 977 sibilantis
911 939 1145 992 Gorgonae,

258 999 411 1045 putent
431 993 641 1045 ephebum
659 999 754 1045 post
772 993 1002 1045 triumphos
1023 993 1186 1032 Indicos

258 1047 381 1086 ferire
400 1048 544 1100 thyrso
563 1061 698 1099 posse,
717 1062 812 1086 cum
830 1051 884 1086 sit
904 1049 1054 1087 ebrius.
1294 1049 1371 1089 280

310 1108 401 1141 tum
421 1103 533 1154 quod
552 1103 732 1141 Dianam
750 1103 874 1141 molle
893 1105 1144 1142 succinctam
1162 1102 1321 1149 vident,

258 1160 448 1196 venantis
469 1171 609 1196 arcum
627 1160 928 1209 pertimescunt
946 1160 1136 1210 virginis3

258 1214 291 1250 si
310 1211 419 1250 forte
438 1212 600 1250 vultum
618 1214 809 1250 tristioris
830 1212 1018 1251 Herculis

257 1266 416 1318 liquore
436 1269 567 1318 crispo
586 1280 722 1305 massa
741 1266 861 1305 finxit
879 1265 1024 1313 fusilis,

257 1321 416 1359 clavam
434 1323 595 1367 minari,
614 1324 656 1359 ni
675 1321 848 1367 colatur,
867 1321 1062 1361 creditur.
1293 1323 1368 1363 285

309 1379 392 1414 iam
412 1378 502 1427 quis
521 1381 749 1427 paventum
768 1376 892 1414 corda
910 1382 1043 1415 terror
1061 1381 1236 1428 occupat

261 1430 427 1468 Iunonis
447 1433 550 1468 iram
569 1433 602 1468 si
621 1430 751 1482 polite
772 1431 1049 1482 expresserit?

258 1485 374 1524 velut
392 1487 559 1523 retortis
578 1487 745 1524 intuens
765 1486 980 1524 obtutibus

259 1545 422 1578 avertat
441 1553 512 1578 ora
531 1540 584 1578 de
602 1540 762 1578 litantis
780 1539 930 1586 hostia,

258 1594 361 1646 lapis
381 1607 524 1632 severa
543 1593 680 1633 fronte
699 1597 902 1633 mentitur
919 1597 1063 1633 minas.
1292 1597 1368 1635 290

310 1651 434 1687 miror
453 1649 565 1700 quod
582 1651 718 1700 ipsum
737 1663 819 1688 non
838 1651 1027 1688 sacrastis
1049 1649 1302 1696 Mentorem,

258 1717 335 1742 nec
353 1704 559 1755 templum
579 1709 623 1741 et
642 1717 732 1742 aras
750 1706 839 1755 ipse
860 1702 1025 1742 Phidias
1043 1703 1187 1750 habet,

196 1822 212 1838 ⁰
236 1818 350 1851 Greek
369 1818 544 1861 sculptors
563 1818 603 1851 of
617 1818 680 1851 the
698 1818 762 1851 5th
782 1821 932 1861 century
949 1827 1020 1852 Rc.
1067 1818 1150 1852 Two
1170 1818 1369 1853 celebrated

150 1862 266 1894 works
283 1862 323 1895 of
334 1862 460 1905 Myron
477 1873 567 1895 were
583 1862 638 1895 his
655 1862 763 1902 Quoit,
779 1862 944 1895 Thrower
958 1862 1031 1896 and
1046 1862 1101 1895 his
1116 1862 1209 1902 Oow,
1227 1862 1316 1896 both
1330 1863 1368 1896 in

152 1906 292 1939 bronze.
340 1905 535 1948 Polyclitus
551 1916 623 1939 was
640 1906 780 1939 famous
796 1905 852 1939 for
867 1905 922 1939 his
938 1908 1058 1939 statue
1075 1906 1116 1939 of
1128 1906 1225 1939 Hera
1241 1906 1367 1948 (Juno)

151 1950 188 1982 in
204 1950 306 1992 ivory
322 1950 394 1983 and
408 1949 503 1992 gold.

198 1993 212 2014 δ
235 1993 310 2026 The
322 1992 493 2036 Gorgon‘s
506 1993 608 2032 head,
619 1993 706 2026 with
718 1993 846 2026 snakes
860 1993 915 2026 for
927 1993 1014 2032 hair,
1029 1994 1132 2036 being
1143 1994 1368 2036 represented

152 2048 198 2070 on
213 2037 276 2070 the
290 2037 472 2080 goddess's
488 2037 715 2080 breastplate.
763 2037 815 2070 Cf.
832 2037 975 2076 Aeneid,
993 2037 1094 2076 VIII,
1111 2039 1278 2071 435—438.

150 2101 223 2148 248
