1456 2358
200 2140 271 2184 372

556 447 1063 540 <EP1LOGUS>1

409 602 590 641 Inmolat
609 602 702 641 Deo
722 600 836 640 Patri

301 660 408 710 pius,
429 657 574 703 fidelis,
593 660 803 702 innocens,
822 655 995 707 pudicus

408 713 517 751 dona
535 713 827 756 conscientiae,

303 768 452 819 quibus
470 767 598 805 beata
616 780 732 804 mens
753 765 939 803 abundat
957 767 1082 803 intus.

407 822 514 860 alter
533 827 577 860 et
595 823 815 874 pecuniam

302 877 464 922 recidit,
484 876 595 914 unde
614 878 808 914 victitent
828 877 962 927 egeni.

407 945 480 970 nos
500 933 603 969 citos
622 930 818 968 iambicos

303 999 510 1025 sacramus
531 991 575 1024 et
594 984 782 1023 rotatiles
800 983 1016 1023 trochaeos

406 1042 639 1079 sanctitatis
658 1039 790 1091 indigi

302 1109 379 1134 nec
399 1095 452 1134 ad
470 1095 661 1133 levamen
679 1107 911 1146 pauperum
928 1098 1138 1144 potentes.

407 1150 612 1201 approbat
630 1155 774 1187 tamen
794 1148 910 1186 Deus

300 1204 497 1256 pedestre
516 1217 683 1242 carmen
703 1209 747 1242 et
765 1203 969 1255 benignus
990 1201 1121 1240 audit.

405 1259 538 1297 multa
556 1258 695 1297 divitis
714 1258 837 1296 domo

302 1317 383 1353 sita
402 1320 467 1352 est
485 1327 560 1365 per
579 1326 721 1351 omnes
742 1311 913 1364 angulos
933 1310 1143 1363 supellex:

406 1367 542 1420 fulget
561 1381 709 1406 aureus
729 1366 907 1419 scyp'hus

302 1436 379 1462 nec
399 1436 494 1461 aere
514 1422 618 1461 defit
637 1421 822 1473 expolita
839 1420 984 1472 pelvis,

407 1483 472 1516 est
492 1482 536 1516 et
555 1476 637 1515 olla
656 1476 791 1515 fictilis

301 1535 521 1585 gravisque
542 1537 586 1570 et
605 1531 743 1582 ampla
763 1536 963 1582 argentea
983 1534 1047 1568 est
1064 1530 1263 1581 parapsis,

406 1592 504 1625 sunt
524 1587 681 1624 eburna
700 1587 936 1636 quaepiam,

302 1641 500 1680 nonnulla
519 1654 673 1692 quercu
692 1646 790 1678 sunt
809 1645 956 1678 cavata
975 1645 1019 1677 et
1037 1638 1163 1678 ulmo.

406 1709 529 1734 omne
548 1709 618 1734 vas
639 1694 686 1733 fit
705 1694 808 1733 utile

303 1750 414 1802 quod
434 1756 499 1789 est
517 1750 571 1788 ad
589 1763 710 1788 usum
729 1762 958 1801 congruens
979 1747 1144 1793 erilem3

406 1807 618 1843 instruunt
638 1806 749 1843 enim
768 1804 938 1842 domum

303 1865 351 1898 ut
371 1865 514 1910 empta
532 1872 699 1911 magno,
718 1861 774 1897 sic
792 1863 940 1910 parata
957 1857 1083 1909 ligno.

407 1927 474 1952 me
493 1919 668 1965 paterno
687 1915 730 1951 in
749 1915 854 1952 atrio

304 1974 351 2007 ut
371 1968 604 2007 obsoletum
622 1967 832 2006 vasculum
852 1967 1015 2005 caducis

408 2022 594 2061 Christus
614 2028 734 2073 aptat
753 2023 893 2060 usibus

303 2079 483 2129 sinitque
503 2083 623 2128 parte
642 2079 684 2115 in
704 2076 844 2129 anguli
863 2088 1044 2114 manere.
