1456 2358
127 2109 197 2144 114

563 117 924 161 PRUDENTIUS

241 232 289 265 ut
307 227 451 266 dedita
471 228 687 279 stipendiis

241 282 390 320 ducem
408 285 524 321 iuvet
542 285 730 334 pecunia.

291 338 348 375 sie
367 337 519 389 dogma
537 343 721 376 vestrum
742 343 819 384 est,
840 338 985 377 audio:

239 403 358 429 suum
379 392 611 443 quibusque
630 392 807 431 reddito.

240 458 292 483 en
311 446 464 484 Caesar
482 449 668 499 agnoscit
687 460 806 486 suum

239 502 441 538 nomisma
459 503 637 539 nummis
655 501 848 540 inditum.

291 555 402 606 quod
421 555 607 594 Caesaris
626 558 716 602 scis,
737 556 903 595 Caesari

240 609 308 654 da,
327 622 478 661 nempe
497 612 653 650 iustum
671 610 848 662 postulo.

237 665 279 701 ni
299 662 431 709 fallor,
450 663 563 703 haud
580 664 707 703 ullam
726 671 823 704 tuus

237 720 375 770 signat
395 719 511 757 Deus
529 722 762 771 pecuniam,

289 785 380 819 nee,
399 786 493 811 cum
512 776 686 820 veniret,
707 787 852 813 aureos

236 840 377 866 secum
396 826 606 879 Philippos
626 829 792 875 detulit,

235 887 461 933 praecepta
480 883 554 921 sed
572 884 707 922 verbis
726 883 858 930 dedit,

235 938 368 975 inanis
389 950 412 974 a
430 940 679 989 marsuppio.

286 989 445 1041 inplete
464 991 668 1031 dictorum
688 992 813 1032 fidem

237 1058 319 1096 qua
335 1045 350 1069 1
370 1059 440 1084 vos
459 1059 534 1097 per
553 1047 695 1086 orbem
717 1047 915 1086 venditis:

235 1113 424 1139 nummos
443 1100 624 1139 libenter
642 1102 820 1148 reddite,

236 1159 373 1192 estote
392 1156 526 1194 verbis
546 1155 739 1195 divites.’'

287 1208 345 1246 nil
364 1222 555 1260 asperum
576 1210 825 1250 Laurentius

234 1262 364 1301 refert
384 1264 436 1302 ad
455 1266 535 1302 ista
555 1271 628 1303 aut
646 1265 873 1312 turbidum,

234 1318 322 1363 sed,
342 1323 390 1356 ut
408 1325 578 1369 paratus
597 1320 784 1371 obsequi,

235 1372 576 1423 obtemperanter
595 1373 753 1413 adnuit.

287 1426 309 1440 “
330 1433 395 1465 est
413 1427 570 1473 dives‚''
590 1430 739 1480 inquit,
759 1428 783 1442 “
802 1443 884 1468 non
903 1443 1026 1483 nego,

234 1479 446 1533 habetque
466 1488 607 1521 nostra
627 1483 798 1522 ecclesia

233 1549 442 1587 opumque
463 1542 507 1575 et
527 1539 614 1575 auri
633 1537 869 1588 plurimum,

233 1603 309 1628 nec
329 1593 546 1642 quisquam
565 1594 608 1630 in
627 1593 726 1631 orbe
747 1599 811 1632 est
829 1593 965 1633 ditior.

285 1647 318 1682 is
338 1647 426 1696 ipse
446 1651 612 1684 tantum
631 1660 714 1685 non
732 1646 861 1686 habet

234 1705 526 1751 argenteorum
547 1703 831 1753 aenigmatum

232 1753 448 1805 Augustus
469 1767 604 1793 arcem
623 1756 850 1806 possidens,

232 1810 297 1845 cui
316 1821 508 1847 nummus
528 1812 658 1848 omnis
678 1812 881 1850 scribitur.

284 1862 358 1900 sed
377 1876 454 1901 nec
472 1877 615 1902 recuso
634 1865 809 1916 prodere

232 1915 448 1967 locupletis
469 1931 605 1956 arcam
624 1922 824 1965 numinis;

232 1970 410 2022 vulgabo
429 1978 579 2011 cuncta
599 1979 642 2012 et
661 1973 866 2025 proferam

230 2027 412 2076 pretiosa
432 2039 538 2078 quae
559 2026 744 2067 Christus
764 2034 896 2068 tenet.

1296 451 1346 491 95

1272 724 1347 763 100

1270 998 1344 1036 105

1269 1270 1344 1310 110

1268 1543 1343 1582 115

1266 1815 1342 1854 120
