1456 2358
638 163 748 203 PRU
754 162 1000 203 DENTIUS

212 272 359 311 ductor
378 271 497 310 aulae
515 270 736 309 mundialis
754 272 814 308 ire
833 269 886 308 ad
906 282 1019 307 aram
1036 270 1226 315 iusserat,

211 327 331 366 idolis
349 327 470 365 litare
489 328 629 378 nigris,
649 338 739 363 esse
758 324 910 363 Christi
928 323 1116 376 defugas.

264 382 437 420 liberam
456 383 664 419 succincta
681 378 790 417 ferro
808 381 936 431 pestis
955 378 1134 431 urgebat
1152 377 1300 423 fidem3

209 437 282 475 illa
300 439 434 488 virgas
454 441 498 474 et
516 447 679 473 secures
699 439 743 472 et
761 433 936 472 bisulcas
955 432 1131 485 ungulas

213 491 322 530 ultro
341 490 457 529 fortis
478 489 706 542 expetebat
725 487 876 527 Christi
895 500 1034 526 amore
1052 489 1255 526 interrita.
1373 487 1424 528 45

265 559 403 584 carcer
419 545 592 597 inligata
610 543 721 582 duris
740 542 844 581 colla
861 542 972 581 bacis
990 541 1166 593 inpedit,

214 601 409 639 barbaras
428 599 563 638 forum
581 611 656 650 per
674 610 796 636 omne
815 602 948 636 tortor
966 601 1134 635 exercet
1151 609 1313 642 manus,

214 657 365 694 veritas
384 657 540 693 crimen
557 658 745 705 putatur,
763 666 842 691 vox
861 651 993 690 fidelis
1011 650 1220 703 plectitur.

266 716 367 748 tunc
386 715 430 748 et
449 721 548 747 ense
567 721 687 746 caesa
705 709 834 745 virtus
852 709 972 745 triste
990 707 1192 758 percussit
1209 704 1343 744 solum

216 771 260 803 et
278 766 387 816 rogis
404 766 570 816 ingesta
587 764 756 800 maestis
776 774 846 800 ore
865 760 1050 799 flammas
1069 760 1239 799 sorbuit.
1374 761 1426 802 50

214 819 334 858 dulce
353 824 453 857 tunc
471 820 588 856 iustis
608 818 793 862 cremari,
812 815 932 854 dulce
951 814 1106 853 ferrum
1123 816 1300 867 perpeti.

265 874 332 912 hic
350 873 525 911 duorum
544 885 639 910 cara
657 870 831 909 fratrum
850 869 1138 909 concalescunt
1155 875 1338 921 pectora,

215 929 297 967 fida
316 941 417 979 quos
436 941 511 979 per
529 939 651 965 omne
670 932 835 977 tempus
854 927 1047 963 iunxerat
1065 923 1274 963 sodalitas.

214 988 329 1022 stant
346 984 481 1034 parati
500 981 608 1020 ferre
628 980 829 1032 quidquid
847 993 931 1018 sors
950 979 1115 1018 tulisset
1132 978 1292 1024 ultima,
1373 979 1426 1020 54

266 1051 340 1076 seu
359 1036 468 1076 foret
486 1035 726 1088 praebenda
744 1037 881 1073 cervix
901 1034 954 1072 ad
970 1034 1195 1085 bipennem
1212 1032 1424 1085 publicam

214 1093 433 1131 verberum
451 1096 546 1143 post
564 1093 647 1129 vim
666 1095 924 1141 crepantum,
943 1094 1037 1140 post
1055 1093 1235 1127 catastas
1252 1090 1411 1140 igneas,

214 1150 298 1186 sive
318 1147 455 1198 pardis
475 1144 730 1184 offerendum
749 1149 895 1196 pectus
915 1149 987 1182 aut
1005 1142 1205 1182 leonibus.

267 1201 289 1215 “
309 1213 438 1240 nosne
457 1200 620 1239 Christo
639 1201 843 1251 procreati
861 1210 1122 1236 mammonae
1140 1197 1369 1236 dicabimur

216 1262 260 1295 et
280 1256 361 1294 Dei
379 1255 554 1294 formam
573 1259 768 1307 gerentes
787 1255 1010 1291 serviemus
1029 1251 1220 1290 saeculo?

215 1312 323 1349 absit
342 1316 390 1349 ut
409 1309 598 1348 caelestis
617 1311 722 1361 ignis
741 1321 786 1346 se
805 1308 988 1345 tenebris
1006 1308 1190 1345 misceat.
1374 1307 1426 1347 60

267 1368 321 1404 sit
339 1367 438 1403 satis
458 1364 569 1416 quod
588 1368 711 1414 capta
728 1364 861 1414 primo
879 1364 965 1400 vita
983 1362 1059 1400 sub
1078 1359 1349 1413 chirographo

214 1420 403 1459 debitum
422 1418 619 1470 persolvit
638 1430 759 1456 omne
778 1416 922 1455 funeta
939 1416 1062 1455 rebus
1082 1415 1290 1461 Caesaris3

213 1481 378 1526 tempus
399 1479 463 1512 est
483 1474 575 1512 Deo
593 1472 766 1524 rependi
784 1470 985 1523 quidquid
1004 1475 1068 1509 est
1086 1472 1296 1522 proprium
1315 1469 1411 1509 Dei.

265 1532 338 1575 ite,
357 1531 566 1581 signorum
584 1528 784 1579 magistri,
804 1531 849 1565 et
866 1539 951 1570 VOS,
969 1525 1139 1570 tribuni,
1158 1525 1360 1564 absistite.

215 1597 361 1623 aureos
381 1582 543 1622 auferte
562 1588 746 1633 torques,
765 1582 995 1619 sauciorum
1013 1579 1219 1631 praemia!
1375 1580 1425 1620 65

214 1639 325 1677 clara
343 1651 416 1677 nos
434 1638 530 1676 hinc
549 1636 790 1689 angelorum
807 1637 891 1673 iam
908 1639 1058 1673 vocant
1076 1633 1293 1686 stipendia.

266 1693 451 1731 Christus
469 1691 552 1730 illic
571 1690 800 1729 candidatis
819 1689 1029 1741 praesidet
1047 1687 1296 1734 cohortibus,

255 1875 271 1890 ‘²
293 1870 350 1903 An
366 1870 442 1902 iron
459 1869 674 1901 instrument
691 1866 731 1899 of
743 1868 892 1899 torture.

258 1914 271 1934 ὓ
294 1914 344 1946 As
361 1913 500 1945 Eulalia
516 1913 545 1944 is
561 1912 638 1944 said
654 1914 693 1943 to
709 1910 801 1943 have
818 1909 908 1942 done
925 1909 1010 1949 (III,
1030 1908 1211 1950 159-160).

257 1963 269 1979 ⁶
294 1958 432 1990 Oatasta
452 1957 482 1989 is
504 1955 667 1998 properly
689 1965 710 1986 a
731 1953 838 1986 stand
860 1963 900 1985 or
920 1952 1088 1995 platform
1110 1962 1157 1985 on
1176 1951 1291 1985 which
1311 1950 1428 1986 slaves

212 2012 300 2035 were
321 2000 476 2043 exposed
496 2000 552 2032 for
572 1998 655 2037 sale,
678 1998 750 2031 and
771 1997 844 2030 also
866 2007 912 2029 on
934 1995 1047 2028 which
1069 1998 1224 2038 martyra
1243 2005 1334 2029 were
1353 1998 1426 2029 tor-

212 2045 334 2083 tured3
372 2045 437 2077 but
458 2043 520 2076 the
542 2043 638 2075 word
659 2043 688 2074 is
710 2041 912 2074 sometimes
933 2039 1076 2083 applied
1096 2042 1136 2072 to
1156 2039 1219 2072 the
1239 2039 1365 2084 engine
1389 2038 1432 2074 of

212 2092 349 2122 tortura
365 2087 471 2121 itself.

215 2166 231 2191 1
237 2165 283 2191 02
