1456 2358
610 125 971 168 PRUDENTIUS

340 231 498 270 dudum
517 233 725 284 coquebat
743 233 973 272 disserente
992 238 1175 285 martyre

288 286 555 338 Asclepiades
575 289 686 325 intus
705 290 809 325 iram
827 288 1044 327 subdolam

226 386 228 389 Ι
289 341 570 379 stomachatus
591 342 676 380 alto
695 341 808 387 felle,
827 342 927 380 dum
946 342 1115 395 longum
1134 342 1229 382 silet

288 395 498 446 bilemque
517 399 640 434 tectis
660 399 838 447 concipit
856 397 1128 448 praecordiis3

288 450 461 488 tandem
479 450 649 489 latentis
669 453 751 488 vim
770 450 916 490 furoris
937 454 1115 491 evomit:
1322 454 1400 494 395

340 504 363 517 ‘⁴
382 518 456 556 pro
477 505 685 556 Iuppiter!
722 505 822 557 quid
841 512 906 545 est
925 506 1036 558 quod
1055 519 1107 545 ex
1125 506 1203 545 hoc
1223 507 1374 547 audio?

287 565 372 597 stat
390 562 501 598 inter
520 573 609 598 aras
630 566 675 598 et
693 560 866 598 deorum
883 563 1086 614 imagines

288 620 345 659 et,
366 614 477 665 quod
496 613 619 652 fateri
637 628 775 667 cogor,
793 617 837 653 in
854 615 993 654 medio
1012 615 1100 655 foro

287 674 456 707 tacente
475 674 647 715 memet,
667 683 714 707 ac
732 675 900 721 perorat
917 670 1120 721 perditus,

287 723 489 774 quidquid
507 737 714 762 sacrorum
735 730 799 763 est
817 738 888 763 ore
907 724 1078 763 foedans
1097 727 1222 777 inpio.
1320 727 1398 767 400

338 791 363 816 o
382 777 443 816 fas
462 779 665 829 priorum!
700 781 824 817 moris
843 793 867 818 o
885 782 1007 831 prisci
1026 780 1182 819 status!

285 835 457 870 inventa
474 845 622 885 regum
639 847 713 884 pro
733 833 867 872 salute
885 833 1053 885 publica

286 885 581 938 Pompiliorum
599 893 741 926 nostra
759 894 935 940 carpunt
953 889 1130 928 saecula.

286 944 377 992 quis
396 941 469 980 hos
489 942 693 993 sophistas
713 955 824 981 error
841 945 1001 982 invexit
1019 957 1162 990 novus,

286 999 356 1047 qui
374 1010 458 1035 non
476 996 668 1035 colendos
689 1010 778 1035 esse
798 997 912 1036 divos
931 998 1175 1050 disputent?
1318 999 1395 1040 405

337 1065 445 1089 nunc
464 1051 617 1103 dogma
635 1052 752 1090 nobis
772 1051 1052 1091 Christianum
1070 1056 1252 1092 nascitur

284 1111 379 1156 post
399 1106 584 1144 evolutos
603 1106 717 1144 mille
737 1106 906 1145 demum
924 1107 1111 1146 consules

285 1161 338 1198 ab
358 1161 460 1199 urbe
480 1160 625 1206 Roma,
643 1174 697 1199 ne
715 1167 907 1200 retexam
926 1161 1136 1201 Nestoras.

285 1214 486 1266 quidquid
505 1215 714 1253 novellum
732 1218 878 1268 surgit,
897 1215 995 1255 olim
1013 1230 1096 1255 non
1114 1216 1206 1255 fuit.

286 1272 343 1307 vis
363 1283 524 1307 summa
541 1282 680 1308 rerum
698 1271 847 1309 nosse?
902 1269 1103 1323 Pyrrham
1121 1271 1300 1310 consule.
1319 1273 1396 1313 410

337 1324 408 1362 ubi
426 1326 505 1362 iste
525 1330 663 1363 vester
681 1330 782 1363 tunc
802 1333 892 1364 erat
910 1339 1094 1364 summus
1114 1325 1245 1372 Deus,

284 1378 425 1416 divum
444 1378 584 1417 favore
604 1392 698 1417 cum
716 1393 821 1430 puer
841 1378 1071 1419 Mavortius

284 1432 480 1472 fundaret
499 1446 636 1471 arcem
654 1434 912 1485 septicollem
931 1434 1157 1473 Romulus?

285 1487 396 1539 quod
414 1487 546 1527 Roma
563 1487 695 1539 pollet
714 1491 925 1539 auspicato
945 1489 1125 1535 condita,

286 1542 373 1580 Iovi
392 1541 547 1581 Statori
566 1542 695 1581 debet
715 1548 759 1582 et
777 1543 840 1581 dis
859 1546 1020 1582 ceteris.
1318 1545 1394 1587 415

334 1596 411 1636 hoc
431 1603 620 1636 sanctum
642 1598 695 1636 ab
717 1610 819 1637 aevo
841 1603 919 1644 est,
941 1598 1018 1637 hoc
1040 1599 1093 1637 ab
1115 1601 1246 1638 atavis
1268 1599 1396 1638 tradi-

386 1657 501 1690 tum:
1055 1659 1057 1661 ’

223 1782 239 1798 ⁶
261 1778 381 1811 Numa
395 1777 484 1811 Pom
511 1777 603 1811 ilius.
651 1777 715 1811 See
730 1781 815 1811 note
831 1789 877 1811 on
895 1778 1021 1812 Contra
1035 1778 1169 1821 Symm.
1186 1779 1236 1819 ΙΙ,
1253 1781 1309 1813 47.
1339 1780 1352 1823 ἦ

226 1821 239 1842 ⁶
262 1821 327 1854 Le.
344 1824 383 1854 to
399 1821 461 1854 the
516 1822 644 1854 omerio
660 1821 793 1855 heroes.

223 1871 236 1886 ⁰
258 1865 302 1898 In
324 1865 386 1898 the
409 1864 524 1898 Greek
545 1868 646 1907 story
668 1865 725 1908 (cf.
751 1865 854 1905 ovid,
878 1866 1184 1909 Metammphoeee,
1206 1866 1237 1906 Ι,
1261 1867 1328 1900 260
1341 1866 1399 1909 ff.)

177 1909 240 1941 she
265 1909 338 1942 and
361 1909 424 1942 her
448 1908 614 1942 husband
638 1909 832 1942 Deucalion
857 1920 947 1943 were
970 1910 1033 1943 the
1057 1910 1130 1944 sole
1154 1911 1334 1944 survivors
1359 1910 1400 1944 of

178 1953 240 1985 the
262 1955 363 1995 great
385 1952 480 1986 flood
501 1956 581 1986 sent
603 1953 653 1995 by
674 1952 776 1986 Zeus.
823 1953 935 1997 Being
957 1953 1114 1997 divinely
1135 1955 1334 1988 instructed
1355 1958 1395 1988 to

178 1996 293 2029 throw
325 1996 347 2010 “
361 1996 424 2029 the
455 1996 564 2030 bones
594 1996 636 2029 of
661 1996 754 2029 their
783 2000 883 2040 great
913 1997 1054 2031 mother
1068 1997 1089 2012 ’'
1121 1997 1253 2031 behind
1282 1998 1393 2038 them,

178 2040 265 2083 they
287 2040 374 2073 took
395 2040 468 2073 this
490 2043 529 2073 to
551 2050 656 2073 mean
678 2043 809 2079 stones,
831 2040 894 2074 the
917 2041 1026 2075 bones
1048 2041 1089 2074 of
1105 2041 1247 2075 Mother
1268 2041 1394 2081 Earth,
1452 2042 1456 2043 ⁷

179 2103 250 2152 256
