1456 2358
582 144 944 186 PRUDENTIUS

258 249 382 289 homo
402 256 467 289 est
484 257 726 303 peremptus
747 256 791 290 et
809 255 1035 292 resurrexit
1054 252 1182 292 Deus.
1293 257 1369 297 605

310 323 530 363 congressa
547 325 656 350 mors
676 317 741 350 est
759 312 947 351 membra
964 316 1150 365 gestanti
1170 313 1285 361 Deo3

257 370 357 408 dum
375 377 517 409 nostra
535 377 734 423 temptat,
752 375 876 411 cessit
893 373 1194 414 inmortalibus.

256 431 432 470 stultum
450 434 608 483 putatis
627 431 719 478 hoc,
738 432 948 484 sophistae
967 433 1144 480 saeculi;

256 491 330 530 sed
348 492 479 531 stulta
497 492 641 530 mundi
660 506 843 531 summus
864 493 992 546 elegit
1011 492 1151 541 Pater,

255 557 303 590 ut
322 552 474 591 stultus
495 558 605 591 esset
624 553 777 591 saeculi
796 553 977 604 prudens
998 553 1092 593 Dei.
1292 557 1368 596 610

307 615 604 664 antiquitatem
623 612 789 651 Romuli
808 619 852 652 et
873 612 1125 653 Mavortiam

253 672 395 724 lupam
413 686 615 719 renarras,
633 675 812 725 primum
832 679 876 712 et
895 687 1018 712 omen
1036 674 1260 714 vulturum.

254 735 287 771 si
306 747 370 771 res
390 733 572 772 novellas
591 736 765 786 respuis,
783 733 842 772 nil
859 739 948 773 tam
966 747 1133 774 recens:

253 796 321 831 vix
340 793 454 831 mille
473 793 590 832 fastis
608 794 742 845 inplet
759 793 866 832 hanc
886 794 1116 833 aetatulam

253 866 394 892 cursus
413 853 575 892 dierum
593 853 806 892 conditore
827 854 879 892 ab
899 867 1068 907 augure.
1290 858 1365 898 615

305 919 496 952 sescenta
513 927 681 965 possum
699 927 830 966 regna
846 914 1009 966 pridem
1027 914 1196 954 condita

251 972 436 1026 proferre
455 979 547 1012 toto
565 976 608 1012 in
627 974 741 1019 orbe,
760 976 794 1012 si
813 976 867 1012 sit
886 976 1031 1020 otium,

251 1033 384 1072 multo
404 1039 502 1072 ante
522 1034 632 1072 clara
651 1047 776 1085 quam
794 1034 997 1085 capellam
1018 1034 1215 1073 Gnosiam

251 1096 409 1132 suxisse
429 1093 562 1132 fertur
582 1094 784 1146 Iuppiter,
807 1093 955 1133 Martis
974 1100 1108 1146 pater.

250 1154 323 1192 sed
342 1154 414 1192 illa
431 1168 515 1192 non
533 1160 644 1201 sunt,
663 1155 766 1193 haec
786 1160 830 1193 et
849 1154 947 1193 olim
965 1169 1048 1193 non
1068 1160 1203 1194 erunt.
1287 1157 1364 1196 620

302 1228 402 1252 crux
420 1217 502 1252 ista
521 1214 686 1260 Christi,
706 1227 832 1266 quam
850 1214 1056 1253 novellam
1075 1214 1224 1261 dicitis,

250 1281 448 1314 nascente
467 1275 623 1313 mundo
642 1274 777 1313 factus
796 1280 844 1313 ut
862 1277 1042 1326 primum
1061 1281 1126 1314 est
1143 1274 1281 1322 homo,

250 1348 445 1386 expressa
463 1337 603 1387 signis,
624 1335 822 1386 expedita
841 1341 905 1373 est
923 1334 1097 1374 litteris:

249 1395 452 1433 adventus
473 1398 559 1433 eius
578 1395 693 1433 mille
711 1408 786 1446 per
804 1395 1002 1433 miracula

247 1458 564 1507 praenuntiatus
584 1468 654 1493 ore
674 1461 817 1494 vatum
836 1468 1027 1493 consono.
1284 1457 1359 1497 625

299 1529 434 1568 reges,
453 1515 698 1567 prophetae,
716 1515 956 1566 iudicesque
977 1521 1021 1554 et
1039 1517 1244 1568 principes

247 1578 416 1622 virtute,
435 1575 569 1621 bellis,
588 1575 780 1621 cultibus,
800 1578 937 1621 sacris,
956 1575 1051 1615 stilo

247 1650 329 1674 non
349 1636 603 1674 destiterunt
621 1638 794 1688 pingere
814 1634 989 1674 formam
1008 1637 1149 1674 erucis.

247 1709 346 1733 crux
365 1701 627 1747 praenotata,
647 1709 747 1733 crux
767 1695 1014 1733 adumbrata
1033 1700 1097 1734 est
1115 1697 1243 1747 prius,

185 1812 201 1828 ⁰
223 1807 350 1843 Which
365 1807 552 1850 according
567 1810 606 1840 to
620 1807 682 1840 the
695 1807 821 1850 legend
834 1807 964 1840 nursed
977 1806 1040 1840 the
1053 1806 1170 1840 infant
1184 1806 1358 1840 Romulus

141 1852 213 1884 and
224 1852 358 1884 Remus
369 1851 470 1884 when
482 1851 544 1884 the
556 1851 683 1884 basket
693 1852 730 1884 in
741 1851 855 1884 which
866 1851 953 1894 they
964 1851 1036 1883 had
1047 1850 1135 1884 been
1146 1850 1357 1884 abandoned

141 1906 187 1928 on
203 1895 265 1928 the
282 1895 387 1928 Tiber
402 1906 474 1927 was
490 1895 633 1927 washed
649 1895 785 1928 ashore.

186 1939 199 1959 ⁶
223 1939 297 1972 The
323 1949 461 1981 augury
487 1939 528 1971 of
548 1939 611 1971 the
636 1939 764 1971 twelve
790 1938 950 1971 vultures
975 1938 1090 1971 which
1115 1938 1292 1981 appeared
1317 1940 1356 1971 to

140 1982 326 2021 Romulus,
344 1983 484 2025 against
501 1982 564 2015 the
581 1983 635 2015 six
653 1982 767 2015 which
784 1982 962 2025 appeared
978 1985 1017 2015 to
1036 1982 1180 2020 Remus,
1198 1981 1356 2024 showing

139 2026 201 2059 the
213 2026 284 2059 will
296 2026 336 2059 of
344 2026 405 2059 the
417 2027 504 2069 gods
516 2026 598 2059 that
610 2025 784 2059 Romulus
795 2026 923 2059 should
935 2025 978 2059 be
990 2026 1052 2059 the
1063 2025 1147 2068 king
1159 2025 1200 2058 of
1206 2025 1268 2058 the
1278 2035 1356 2059 new

139 2071 225 2112 city.

140 2129 160 2154 2
167 2129 212 2166 70
