1456 2358
199 2144 272 2181 340

640 153 1002 196 PRUDENTIUS

321 257 506 297 Christus
526 273 707 307 suorum,
725 261 876 312 perdat
894 267 942 300 ut
961 275 1133 301 aureum

319 313 436 352 nobis
455 314 671 365 pudorem,
690 329 763 354 nos
783 329 948 367 quoque
967 317 1146 356 deserat.

318 374 485 419 praesto
505 375 570 407 est
587 369 745 421 pudicis
764 384 841 408 nee
859 373 1018 422 patitur
1035 384 1175 411 sacrae

318 425 571 475 integritatis
590 438 764 463 munera
780 425 921 477 pollui.

319 476 473 515 ferrum
491 479 666 529 inpiabis
685 482 900 532 sanguine,
919 483 953 519 si
970 480 1096 527 voles,

318 545 400 570 non
418 534 651 583 inquinabis
671 534 857 572 membra
874 534 1087 574 libidine.'’

317 588 374 624 sic
394 586 600 626 elocutam
617 588 839 639 publicitus
858 590 976 628 iubet

317 639 428 679 flexu
447 643 489 679 in
508 641 675 693 plateae
694 645 839 682 sistere
858 646 1071 696 virginem.

317 701 501 734 stantem
519 696 674 749 refugit
693 704 854 736 maesta
872 697 1121 750 frequentia,

318 763 460 788 aversa
478 751 630 798 vultus,
649 765 702 790 ne
721 752 977 804 petulantius

317 807 534 856 quisquam
553 807 780 845 verendum
799 810 1054 859 conspiceret
1071 808 1221 848 locum.

315 859 498 898 intendit
516 874 621 899 unus
640 860 747 900 forte
767 865 995 913 procaciter

315 927 359 952 os
377 916 421 952 in
438 915 621 966 puellam
640 929 716 954 nec
736 917 918 968 trepidat
937 931 1095 956 sacram

314 974 503 1019 spectare
522 969 697 1008 formam
715 971 870 1010 lumine
889 972 1056 1011 lubrico.

314 1036 368 1061 en
386 1023 471 1062 ales
489 1026 595 1076 ignis
614 1024 796 1064 fulminis
815 1028 857 1064 in
875 1027 1045 1065 modum

313 1078 498 1117 vibratur
516 1079 663 1117 ardens
684 1086 810 1131 atque
830 1081 966 1120 oculos
986 1081 1095 1120 ferit.

312 1145 457 1171 caecus
477 1147 643 1172 corusco
661 1134 817 1174 lumine
836 1139 988 1174 corruit

312 1193 439 1238 atque
458 1190 499 1226 in
518 1188 685 1239 plateae
704 1189 873 1240 pulvere
892 1190 1083 1242 palpitat.

311 1241 465 1280 tollunt
484 1243 643 1281 sodales
663 1247 913 1283 seminecem
931 1245 1017 1284 solo

310 1296 528 1348 verbisque
548 1297 705 1336 deflent
725 1300 1022 1350 exequialibus.

310 1351 399 1389 ibat
418 1351 677 1403 triumphans
697 1356 810 1406 virgo
830 1354 969 1392 Deum
989 1352 1156 1393 Patrem

310 1405 603 1457 Christumque
623 1421 737 1446 sacro
756 1411 936 1447 carmine
956 1411 1188 1456 concinens,

309 1460 420 1511 quod
439 1461 515 1499 sub
533 1461 695 1512 profani
714 1462 807 1501 labe
826 1463 998 1514 periculi

308 1521 469 1553 castum
487 1515 661 1567 lupanar
678 1530 755 1555 nec
774 1517 964 1556 violabile

309 1575 484 1621 experta
502 1572 648 1608 victrix
667 1573 880 1624 virginitas
900 1572 1019 1611 foret.

308 1630 406 1663 sunt
425 1627 496 1675 qui
514 1631 703 1677 rogatam
722 1627 962 1666 rettulerint
980 1641 1122 1679 preces

308 1677 463 1718 fudisse
483 1679 660 1726 Christo,
679 1681 875 1720 redderet
894 1688 941 1720 ut
959 1696 1030 1721 reo

307 1732 443 1771 lucem
462 1736 637 1772 iacenti:
671 1740 771 1773 tunc
789 1738 927 1774 iuveni
945 1736 1122 1775 halitum

307 1790 417 1826 vitae
436 1790 679 1827 innovatum
698 1790 849 1828 visibus
868 1794 1053 1843 integris.

358 1845 536 1893 primum
555 1843 629 1882 sed
648 1844 790 1896 Agnes
809 1844 918 1883 hunc
937 1845 1083 1885 habuit
1100 1846 1276 1899 gradum

306 1897 495 1936 caelestis
515 1897 648 1944 aulae,
668 1912 764 1937 mox
784 1899 886 1938 alius
906 1900 1029 1939 datur

306 1964 519 1997 ascensus3
552 1954 656 1990 iram
675 1967 771 1991 nam
791 1953 902 1993 furor
919 1957 1068 1994 incitat

306 2005 434 2044 hostis
454 2009 638 2045 cruenti:
674 2007 696 2020 “
717 2007 898 2054 vincor‚'’
918 2012 978 2048 ait
996 2023 1183 2062 gemens,

306 2059 329 2073 ‘⁴
348 2062 375 2106 i,
395 2063 552 2113 stringe
572 2061 741 2109 ferrum,
759 2063 892 2110 miles,
912 2069 956 2103 et
976 2077 1100 2104 exere

1374 429 1426 470 35

1373 701 1425 742 40

1371 975 1421 1015 45

1341 1495 1417 1562 '55

1363 2069 1456 2124 65Ι
