1456 2358
132 2131 202 2157 110

547 133 909 175 PRUDENTIUS

228 243 500 282 Laurentium
518 241 691 280 flentem
709 241 852 280 videns

227 300 355 336 crucis
374 298 451 336 sub
469 299 559 349 ipso
577 298 743 348 stipite:

227 352 250 366 ‘⁴
270 352 424 391 desiste
443 352 625 390 discessu
643 363 738 389 meo

227 406 373 445 fletum
392 406 582 445 dolenter
601 405 797 444 fundere!

227 461 446 513 praecedo,
464 459 616 505 frater3
649 466 698 498 tu
717 471 882 511 quoque

226 522 321 568 post
339 516 417 555 hoc
435 517 619 567 sequeris
638 512 865 553 triduum.’'

281 577 470 609 extrema
488 584 567 608 vox
588 571 768 621 episcopi

227 627 559 677 praenuntiatrix
577 624 733 677 gloriae

227 680 329 719 nihil
347 679 520 718 fefellit:
553 692 650 717 nam
669 678 757 717 dies

228 734 442 787 praedicta
459 734 642 785 palmam
660 731 891 784 praetulit.1

280 803 363 841 qua
381 802 496 834 voce,
515 790 680 840 quantis
699 787 889 826 laudibus

228 844 446 883 celebrabo
465 845 608 882 mortis
628 841 842 881 ordinem?

228 913 310 950 quo
329 900 562 950 passionem
581 899 761 935 carmine

228 954 355 1005 digne
373 958 569 991 retexens
589 951 828 991 concinam?

280 1008 345 1046 hie
364 1010 518 1060 primus
539 1020 562 1045 e
581 1011 744 1058 septem
763 1008 857 1044 viris

230 1065 301 1114 qui
319 1068 434 1100 stant
453 1062 506 1100 ad
526 1075 639 1099 aram
658 1063 847 1112 proximi,

230 1117 378 1156 Levita
395 1115 578 1155 sublimis
597 1115 728 1168 gradu

230 1177 274 1211 et
293 1174 441 1210 ceteris
460 1173 750 1223 praestantior,

282 1226 469 1264 claustris
489 1239 696 1264 sacrorum
715 1230 923 1276 praeerat,

231 1280 420 1319 caelestis
441 1293 635 1318 arcanum
654 1279 799 1318 domus

232 1336 322 1374 fidis
341 1335 577 1388 gubernans
596 1333 777 1372 clavibus

231 1396 432 1441 votasque
451 1389 692 1440 dispensans
712 1401 823 1440 opes.

283 1450 421 1484 versat
439 1443 594 1482 famem
613 1445 813 1495 pecuniae

232 1498 467 1551 praefectus
487 1499 578 1536 urbi
594 1497 611 1522 2
629 1500 783 1550 regiae,

232 1556 420 1593 minister
437 1555 569 1592 insani
588 1552 717 1598 ducis,

234 1614 403 1647 exactor
422 1610 509 1646 auri
529 1613 574 1646 et
592 1609 815 1659 sanguinis,

285 1676 368 1715 qua
386 1665 426 1701 vi
443 1662 624 1700 latentes
645 1667 764 1700 eruat

233 1731 437 1763 nummos,
456 1722 602 1768 operta
622 1718 861 1755 existimans

233 1772 395 1811 talenta
413 1772 490 1810 sub
508 1773 692 1810 sacrariis

233 1826 501 1878 cumulosque
520 1831 738 1878 congestos
757 1827 858 1877 tegi.

287 1881 559 1920 Laurentium
578 1882 667 1918 sisti
685 1880 816 1923 iubet,

235 1938 415 1988 exquirit
435 1948 571 1973 arcam
590 1935 744 1973 ditibus

234 1992 376 2029 massis
395 1988 594 2028 refertam
614 1995 658 2028 et
676 1987 859 2041 fulgidae

234 2050 397 2083 montes
416 2049 611 2083 monetae
630 2043 830 2082 conditos.

1285 348 1383 388 25·

1286 895 1337 936 35

1288 1441 1340 1482 45

1291 1988 1342 2027 55
