1456 2358
577 144 939 186 PRUDENTIUS

149 245 224 284 Isis
245 249 356 286 enim
375 254 420 287 et
438 248 601 301 Serapis
621 256 664 289 et
683 251 829 303 grandi
848 253 966 290 simia
983 253 1116 292 cauda

149 306 193 339 et
212 303 436 342 crocodilus
456 304 567 342 idem
586 306 698 356 quod
718 306 836 352 Iuno,
857 306 1058 354 Laverna,
1078 307 1262 361 Priapus.
1291 310 1368 350 870

147 355 220 394 hos
239 362 301 402 tu,
322 357 429 404 Nile,
448 359 560 405 colis,
578 360 669 398 illos
688 366 750 406 tu,
768 361 959 414 Thybris,
979 362 1147 402 adoras:

148 424 231 448 una
249 415 488 463 superstitio
508 420 586 460 est,
606 418 792 466 quamvis
811 430 893 455 non
912 417 1100 456 concolor
1118 431 1241 457 error.

147 464 241 503 hinc
261 466 341 504 alia
362 470 545 507 exoritur
563 470 792 509 tenebrosis
812 476 927 509 tecta
945 470 1134 511 frutectis

147 523 310 567 semita,
330 535 455 573 quam
474 524 655 574 pecudes
676 530 719 563 et
738 531 856 564 muta
875 526 1074 565 animalia
1086 534 1262 580 carpunt

147 588 338 627 quaeque
357 577 492 616 latent
511 578 642 617 silvis:
677 582 861 631 operitur
878 583 1017 619 nescia
1035 582 1139 620 caeli
1291 585 1368 625 875

145 643 262 668 mens
281 630 494 670 hominum
514 646 636 672 saevo
655 636 795 673 vivens
814 637 979 687 captiva
997 641 1187 688 tyranno.

144 683 247 722 haee
265 691 389 736 putat
409 700 498 725 esse
519 688 658 726 Deum
676 689 849 735 nullum,
869 704 1049 742 namque
1068 694 1207 730 omnia
1224 694 1331 731 verti

145 740 319 786 casibus,
340 747 384 779 et
403 742 516 781 nullo
535 743 611 781 sub
630 744 819 795 praeside
839 745 974 783 saecla
991 748 1130 784 rotari.

144 793 220 832 hoc
239 797 319 833 iter
338 795 661 849 haudquaquam
679 812 831 851 magno
850 799 1083 839 discrimine
1102 800 1232 841 distat

143 847 255 887 hisce
274 852 348 888 viis
368 864 469 902 quas
488 866 559 890 vos
578 855 727 899 teritis,
747 856 817 905 qui
836 857 1006 892 numina
1023 855 1158 894 multa
1287 858 1365 898 880

144 909 188 942 et
206 910 402 955 portenta
421 906 547 945 deum
566 921 773 947 summum
791 922 1010 948 numerosa
1028 912 1198 962 putatis.

142 959 335 1010 simplicis
356 973 453 1012 ergo
472 964 563 1000 viae
583 962 667 1000 dux
688 968 752 1002 est
772 963 902 1009 Deus,
919 963 990 1003 ille
1008 978 1084 1016 per
1101 979 1227 1004 unam

141 1015 200 1051 ire
219 1015 337 1053 iubet
356 1016 531 1054 mortale
549 1030 695 1068 genus,
716 1031 842 1069 quam
860 1018 1001 1071 dirigit
1019 1022 1107 1071 ipse

141 1068 360 1107 sublimem
380 1070 528 1109 dextro
548 1071 657 1110 celsa
676 1072 729 1111 ad
747 1071 915 1125 fastigia
932 1073 1048 1112 clivo.

140 1125 273 1173 prima
292 1126 382 1163 viae
402 1124 526 1164 facies
546 1127 715 1173 inculta,
736 1127 991 1174 subhorrida,
1009 1128 1172 1175 tristis,
1285 1131 1361 1172 885

139 1177 324 1224 difficilis,
344 1179 418 1218 sed
437 1180 518 1219 fine
537 1183 600 1219 sui
618 1181 893 1232 pulcherrima
912 1188 956 1222 et
975 1183 1121 1235 amplis

140 1233 330 1283 praedita
349 1234 501 1273 divitiis
521 1241 566 1274 et
585 1236 798 1275 abundans
817 1237 909 1276 luce
927 1240 1115 1289 perenni,

141 1293 185 1325 et
204 1301 311 1339 quae
330 1292 577 1340 praeteritos
596 1294 726 1342 possit
743 1305 918 1343 pensare
937 1292 1111 1332 labores.

139 1342 356 1394 multiplici
375 1343 460 1382 dux
479 1345 658 1384 daemon
677 1346 810 1392 adest,
829 1349 900 1398 qui
918 1353 1038 1398 parte
1058 1350 1221 1387 sinistra

138 1398 380 1436 centifidum
399 1398 615 1438 confundit
632 1402 735 1445 iter3
769 1400 899 1440 trahit
916 1402 1014 1440 inde
1033 1402 1237 1454 sophistas
1281 1405 1359 1445 890

138 1452 348 1499 barbatos,
367 1453 496 1492 trahit
514 1454 609 1493 hinc
628 1456 773 1506 opibus
792 1455 859 1495 vel
876 1455 1031 1495 honore
1049 1462 1269 1509 potentes;

136 1507 267 1545 inlicit
287 1514 330 1546 et
350 1508 560 1547 volucrum
578 1509 728 1561 linguis
748 1516 792 1549 et
810 1510 1025 1562 haruspice
1044 1510 1166 1558 fallit,

137 1564 310 1613 instigat
329 1563 567 1603 bacchantis
587 1578 688 1603 anus
709 1566 885 1617 ambage
904 1565 1101 1618 Sibyllae,

136 1617 307 1656 involvit
325 1617 517 1664 mathesi,
536 1622 717 1671 magicas
736 1620 900 1672 inpellit
917 1623 961 1659 in
980 1626 1104 1668 artes,

183 1797 198 1812 ⁰
221 1792 251 1824 A
290 1796 474 1835 patroness
512 1794 553 1826 of
586 1794 723 1827 thieves
760 1795 832 1828 and
869 1795 1062 1829 tricksters.
1111 1796 1165 1839 C'f.
1204 1797 1344 1831 Horace

136 1836 297 1877 Epistles,
313 1837 342 1875 Ι,
360 1838 412 1875 16,
429 1838 485 1871 60.

184 1880 197 1900 ¹>
221 1881 283 1913 See
298 1884 382 1914 note
397 1892 443 1914 on
459 1882 488 1920 Ι,
508 1883 582 1915 111.

181 1929 194 1945 ⁰
217 1925 290 1957 The
312 1926 468 1958 Romans
490 1926 825 1969 characteristically
845 1927 1055 1970 personified
1079 1928 1210 1962 chance
1233 1939 1273 1962 as
1294 1929 1357 1963 the

134 1968 283 2010 goddess
304 1969 473 2008 Fortuna,
496 1980 541 2002 on
563 1970 624 2003 the
644 1982 759 2013 vogue
780 1971 821 2003 of
837 1971 953 2004 whom
973 1972 1009 2004 in
1031 1983 1194 2006 common
1216 1972 1277 2007 life
1299 1984 1357 2008 see

135 2012 348 2099 Plipynggt.
366 2013 459 2089 Histt.
473 2014 599 2091 {33³3}

268 2082 275 2089 .
331 2068 430 2090 amar
446 2083 453 2091 .
582 2083 589 2091 .

136 2128 182 2178 76
