<?xml version="1.0" encoding="UTF-8"?>
<!DOCTYPE html PUBLIC "-//W3C//DTD XHTML 1.0 Transitional//EN"
    "http://www.w3.org/TR/xhtml1/DTD/xhtml1-transitional.dtd">
<html xmlns="http://www.w3.org/1999/xhtml" xml:lang="en" lang="en">
 <head>
  <title>
</title>
<meta http-equiv="Content-Type" content="text/html;charset=utf-8" />
  <meta name='ocr-system' content='tesseract 3.04.00' />
  <meta name='ocr-capabilities' content='ocr_page ocr_carea ocr_par ocr_line ocrx_word'/>
</head>
<body>
  <div class='ocr_page' id='page_1' title='image "./prudentius00pruduoft/prudentius00pruduoft_0338.png"; bbox 0 0 1456 2358; ppageno 0'>
   <div class='ocr_carea' id='block_1_1' title="bbox 628 147 990 188">
    <p class='ocr_par' dir='ltr' id='par_1_1' title="bbox 628 147 990 188">
     <span class='ocr_line' id='line_1_1' title="bbox 628 147 990 188; baseline 0.006 -2"><span class='ocrx_word' id='word_1_1' title='bbox 628 147 990 188; x_wconf 87' lang='lat' dir='ltr'>PRUDENTIUS</span> 
     </span>
    </p>
   </div>
   <div class='ocr_carea' id='block_1_2' title="bbox 200 253 1422 1798">
    <p class='ocr_par' dir='ltr' id='par_1_2' title="bbox 200 253 1215 364">
     <span class='ocr_line' id='line_1_2' title="bbox 200 253 1215 307; baseline 0.004 -16"><span class='ocrx_word' id='word_1_2' title='bbox 200 259 341 305; x_wconf 88' lang='lat' dir='ltr'><strong>pastor</strong></span> <span class='ocrx_word' id='word_1_3' title='bbox 360 267 456 292; x_wconf 90' lang='lat' dir='ltr'><strong>oves</strong></span> <span class='ocrx_word' id='word_1_4' title='bbox 477 253 550 291; x_wconf 89' lang='lat' dir='ltr'><strong>alit</strong></span> <span class='ocrx_word' id='word_1_5' title='bbox 568 255 656 305; x_wconf 89' lang='lat' dir='ltr'><strong>ipse</strong></span> <span class='ocrx_word' id='word_1_6' title='bbox 675 253 757 292; x_wconf 90' lang='lat' dir='ltr'><strong>illic</strong></span> <span class='ocrx_word' id='word_1_7' title='bbox 775 254 903 306; x_wconf 84' lang='lat' dir='ltr'><strong>gelidi</strong></span> <span class='ocrx_word' id='word_1_8' title='bbox 921 256 1055 307; x_wconf 87' lang='lat' dir='ltr'><strong>rigore</strong></span> <span class='ocrx_word' id='word_1_9' title='bbox 1075 255 1215 303; x_wconf 87' lang='lat' dir='ltr'><strong>fontis,</strong></span> 
     </span>
     <span class='ocr_line' id='line_1_3' title="bbox 253 313 983 364; baseline 0.001 -12"><span class='ocrx_word' id='word_1_10' title='bbox 253 314 368 352; x_wconf 88' lang='lat' dir='ltr'><strong>videt</strong></span> <span class='ocrx_word' id='word_1_11' title='bbox 387 317 500 352; x_wconf 88' lang='lat' dir='ltr'><strong>sitire</strong></span> <span class='ocrx_word' id='word_1_12' title='bbox 521 327 622 364; x_wconf 90' lang='lat' dir='ltr'><strong>quas</strong></span> <span class='ocrx_word' id='word_1_13' title='bbox 642 313 800 353; x_wconf 89' lang='lat' dir='ltr'><strong>fluenta</strong></span> <span class='ocrx_word' id='word_1_14' title='bbox 819 314 983 354; x_wconf 81' lang='lat' dir='ltr'><strong>Christi.</strong></span> 
     </span>
    </p>

    <p class='ocr_par' dir='ltr' id='par_1_3' title="bbox 202 372 1418 486">
     <span class='ocr_line' id='line_1_4' title="bbox 202 372 1418 426; baseline 0.006 -14"><span class='ocrx_word' id='word_1_15' title='bbox 202 380 321 426; x_wconf 87' lang='lat' dir='ltr'><strong>parte</strong></span> <span class='ocrx_word' id='word_1_16' title='bbox 342 374 422 412; x_wconf 89' lang='lat' dir='ltr'><strong>alia</strong></span> <span class='ocrx_word' id='word_1_17' title='bbox 440 374 610 412; x_wconf 92' lang='lat' dir='ltr'><strong>titulum</strong></span> <span class='ocrx_word' id='word_1_18' title='bbox 630 372 748 412; x_wconf 91' lang='lat' dir='ltr'><strong>Pauli</strong></span> <span class='ocrx_word' id='word_1_19' title='bbox 766 377 831 412; x_wconf 90' lang='lat' dir='ltr'><strong>via</strong></span> <span class='ocrx_word' id='word_1_20' title='bbox 850 381 988 414; x_wconf 90' lang='lat' dir='ltr'><strong>servat</strong></span> <span class='ocrx_word' id='word_1_21' title='bbox 1008 375 1225 423; x_wconf 78' lang='lat' dir='ltr'><strong>Ostiensis,</strong></span> <span class='ocrx_word' id='word_1_22' title='bbox 1368 379 1418 419; x_wconf 88' lang='lat'><strong>45</strong></span> 
     </span>
     <span class='ocr_line' id='line_1_5' title="bbox 255 436 1162 486; baseline 0.004 -15"><span class='ocrx_word' id='word_1_23' title='bbox 255 448 337 485; x_wconf 90' lang='lat' dir='ltr'><strong>qua</strong></span> <span class='ocrx_word' id='word_1_24' title='bbox 356 436 523 486; x_wconf 86' lang='lat' dir='ltr'><strong>stringit</strong></span> <span class='ocrx_word' id='word_1_25' title='bbox 543 437 672 472; x_wconf 90' lang='lat' dir='ltr'><strong>amnis</strong></span> <span class='ocrx_word' id='word_1_26' title='bbox 693 437 919 486; x_wconf 83' lang='lat' dir='ltr'><strong>caespitem</strong></span> <span class='ocrx_word' id='word_1_27' title='bbox 939 438 1162 475; x_wconf 87' lang='lat' dir='ltr'><strong>sinistrum.</strong></span> 
     </span>
    </p>

    <p class='ocr_par' dir='ltr' id='par_1_4' title="bbox 201 494 1422 547">
     <span class='ocr_line' id='line_1_6' title="bbox 201 494 1422 547; baseline 0.004 -15"><span class='ocrx_word' id='word_1_28' title='bbox 201 497 318 546; x_wconf 85' lang='lat' dir='ltr'><strong>regia</strong></span> <span class='ocrx_word' id='word_1_29' title='bbox 345 508 498 546; x_wconf 85' lang='lat' dir='ltr'><strong>pompa</strong></span> <span class='ocrx_word' id='word_1_30' title='bbox 526 494 603 533; x_wconf 89' lang='lat' dir='ltr'><strong>loci</strong></span> <span class='ocrx_word' id='word_1_31' title='bbox 633 501 720 540; x_wconf 81' lang='lat' dir='ltr'><strong>est3</strong></span> <span class='ocrx_word' id='word_1_32' title='bbox 762 498 952 547; x_wconf 87' lang='lat' dir='ltr'><strong>princeps</strong></span> <span class='ocrx_word' id='word_1_33' title='bbox 981 496 1112 535; x_wconf 90' lang='lat' dir='ltr'><strong>bonus</strong></span> <span class='ocrx_word' id='word_1_34' title='bbox 1141 497 1215 536; x_wconf 88' lang='lat' dir='ltr'><strong>has</strong></span> <span class='ocrx_word' id='word_1_35' title='bbox 1244 499 1422 537; x_wconf 77' lang='lat' dir='ltr'><strong>sacravit</strong></span> 
     </span>
    </p>

    <p class='ocr_par' dir='ltr' id='par_1_5' title="bbox 307 567 419 593">
     <span class='ocr_line' id='line_1_7' title="bbox 307 567 419 593; baseline 0 -1"><span class='ocrx_word' id='word_1_36' title='bbox 307 567 419 593; x_wconf 90' lang='lat' dir='ltr'><strong>arces</strong></span> 
     </span>
    </p>

    <p class='ocr_par' dir='ltr' id='par_1_6' title="bbox 254 614 1038 667">
     <span class='ocr_line' id='line_1_8' title="bbox 254 614 1038 667; baseline 0.003 -14"><span class='ocrx_word' id='word_1_37' title='bbox 254 614 435 666; x_wconf 78' lang='lat' dir='ltr'><strong>lusitque</strong></span> <span class='ocrx_word' id='word_1_38' title='bbox 454 617 615 667; x_wconf 87' lang='lat' dir='ltr'><strong>magnis</strong></span> <span class='ocrx_word' id='word_1_39' title='bbox 636 616 838 654; x_wconf 89' lang='lat' dir='ltr'><strong>ambitum</strong></span> <span class='ocrx_word' id='word_1_40' title='bbox 857 616 1038 655; x_wconf 88' lang='lat' dir='ltr'><strong>talentis.</strong></span> 
     </span>
    </p>

    <p class='ocr_par' dir='ltr' id='par_1_7' title="bbox 203 675 1422 781">
     <span class='ocr_line' id='line_1_9' title="bbox 203 675 1305 722; baseline 0.004 -9"><span class='ocrx_word' id='word_1_41' title='bbox 203 675 430 714; x_wconf 88' lang='lat' dir='ltr'><strong>bratteolas</strong></span> <span class='ocrx_word' id='word_1_42' title='bbox 450 676 636 714; x_wconf 82' lang='lat' dir='ltr'><strong>trabibus</strong></span> <span class='ocrx_word' id='word_1_43' title='bbox 656 676 848 722; x_wconf 87' lang='lat' dir='ltr'><strong>sublevit,</strong></span> <span class='ocrx_word' id='word_1_44' title='bbox 868 682 915 715; x_wconf 90' lang='lat' dir='ltr'><strong>ut</strong></span> <span class='ocrx_word' id='word_1_45' title='bbox 935 680 1066 716; x_wconf 89' lang='lat' dir='ltr'><strong>omnis</strong></span> <span class='ocrx_word' id='word_1_46' title='bbox 1086 678 1305 717; x_wconf 84' lang='lat' dir='ltr'><strong>aurulenta</strong></span> 
     </span>
     <span class='ocr_line' id='line_1_10' title="bbox 257 735 1422 781; baseline 0.003 -8"><span class='ocrx_word' id='word_1_47' title='bbox 257 735 329 773; x_wconf 90' lang='lat' dir='ltr'><strong>lux</strong></span> <span class='ocrx_word' id='word_1_48' title='bbox 343 741 460 778; x_wconf 68' lang='lat' dir='ltr'><strong>esset</strong></span> <span class='ocrx_word' id='word_1_49' title='bbox 479 738 605 781; x_wconf 88' lang='lat' dir='ltr'><strong>intus,</strong></span> <span class='ocrx_word' id='word_1_50' title='bbox 625 749 701 774; x_wconf 90' lang='lat' dir='ltr'><strong>ceu</strong></span> <span class='ocrx_word' id='word_1_51' title='bbox 720 737 838 774; x_wconf 82' lang='lat' dir='ltr'><strong>iubar</strong></span> <span class='ocrx_word' id='word_1_52' title='bbox 857 737 933 775; x_wconf 92' lang='lat' dir='ltr'><strong>sub</strong></span> <span class='ocrx_word' id='word_1_53' title='bbox 952 743 1059 776; x_wconf 88' lang='lat' dir='ltr'><strong>ortu.</strong></span> <span class='ocrx_word' id='word_1_54' title='bbox 1370 741 1422 780; x_wconf 86' lang='lat'><strong>50</strong></span> 
     </span>
    </p>

    <p class='ocr_par' dir='ltr' id='par_1_8' title="bbox 203 794 1277 909">
     <span class='ocr_line' id='line_1_11' title="bbox 203 794 1277 848; baseline 0.004 -15"><span class='ocrx_word' id='word_1_55' title='bbox 203 795 388 834; x_wconf 87' lang='lat' dir='ltr'><strong>subdidit</strong></span> <span class='ocrx_word' id='word_1_56' title='bbox 408 801 452 834; x_wconf 92' lang='lat' dir='ltr'><strong>et</strong></span> <span class='ocrx_word' id='word_1_57' title='bbox 472 794 610 834; x_wconf 82' lang='lat' dir='ltr'><strong>Parias</strong></span> <span class='ocrx_word' id='word_1_58' title='bbox 630 795 751 835; x_wconf 88' lang='lat' dir='ltr'><strong>fulvis</strong></span> <span class='ocrx_word' id='word_1_59' title='bbox 770 797 1032 848; x_wconf 85' lang='lat' dir='ltr'><strong>laquearibus</strong></span> <span class='ocrx_word' id='word_1_60' title='bbox 1051 797 1277 845; x_wconf 86' lang='lat' dir='ltr'><strong>columnas,</strong></span> 
     </span>
     <span class='ocr_line' id='line_1_12' title="bbox 255 856 1073 909; baseline 0.004 -16"><span class='ocrx_word' id='word_1_61' title='bbox 255 856 474 908; x_wconf 86' lang='lat' dir='ltr'><strong>distinguit</strong></span> <span class='ocrx_word' id='word_1_62' title='bbox 492 856 575 894; x_wconf 90' lang='lat' dir='ltr'><strong>illic</strong></span> <span class='ocrx_word' id='word_1_63' title='bbox 594 869 695 908; x_wconf 85' lang='lat' dir='ltr'><strong>quas</strong></span> <span class='ocrx_word' id='word_1_64' title='bbox 716 862 941 909; x_wconf 88' lang='lat' dir='ltr'><strong>quaternus</strong></span> <span class='ocrx_word' id='word_1_65' title='bbox 961 858 1073 896; x_wconf 90' lang='lat' dir='ltr'><strong>ordo.</strong></span> 
     </span>
    </p>

    <p class='ocr_par' dir='ltr' id='par_1_9' title="bbox 202 915 1282 1027">
     <span class='ocr_line' id='line_1_13' title="bbox 202 915 1282 969; baseline 0.004 -16"><span class='ocrx_word' id='word_1_66' title='bbox 202 922 294 954; x_wconf 89' lang='lat' dir='ltr'><strong>tum</strong></span> <span class='ocrx_word' id='word_1_67' title='bbox 313 918 483 954; x_wconf 90' lang='lat' dir='ltr'><strong>camiros</strong></span> <span class='ocrx_word' id='word_1_68' title='bbox 503 915 627 968; x_wconf 87' lang='lat' dir='ltr'><strong>hyalo</strong></span> <span class='ocrx_word' id='word_1_69' title='bbox 645 919 796 969; x_wconf 87' lang='lat' dir='ltr'><strong>insigni</strong></span> <span class='ocrx_word' id='word_1_70' title='bbox 814 920 925 956; x_wconf 89' lang='lat' dir='ltr'><strong>varie</strong></span> <span class='ocrx_word' id='word_1_71' title='bbox 944 920 1123 957; x_wconf 85' lang='lat' dir='ltr'><strong>cucurrit</strong></span> <span class='ocrx_word' id='word_1_72' title='bbox 1143 931 1282 957; x_wconf 88' lang='lat' dir='ltr'><strong>arcus:</strong></span> 
     </span>
     <span class='ocr_line' id='line_1_14' title="bbox 254 975 1015 1027; baseline 0.003 -13"><span class='ocrx_word' id='word_1_73' title='bbox 254 979 311 1014; x_wconf 83' lang='lat' dir='ltr'><strong>sic</strong></span> <span class='ocrx_word' id='word_1_74' title='bbox 329 982 451 1027; x_wconf 88' lang='lat' dir='ltr'><strong>prata</strong></span> <span class='ocrx_word' id='word_1_75' title='bbox 469 979 603 1014; x_wconf 89' lang='lat' dir='ltr'><strong>vernis</strong></span> <span class='ocrx_word' id='word_1_76' title='bbox 622 975 789 1015; x_wconf 88' lang='lat' dir='ltr'><strong>floribus</strong></span> <span class='ocrx_word' id='word_1_77' title='bbox 809 978 1015 1016; x_wconf 85' lang='lat' dir='ltr'><strong>renident.</strong></span> 
     </span>
    </p>

    <p class='ocr_par' dir='ltr' id='par_1_10' title="bbox 203 1035 1418 1150">
     <span class='ocr_line' id='line_1_15' title="bbox 203 1035 1418 1085; baseline 0.006 -11"><span class='ocrx_word' id='word_1_78' title='bbox 203 1049 298 1074; x_wconf 87' lang='lat' dir='ltr'><strong>eece</strong></span> <span class='ocrx_word' id='word_1_79' title='bbox 318 1036 420 1074; x_wconf 86' lang='lat' dir='ltr'><strong>duas</strong></span> <span class='ocrx_word' id='word_1_80' title='bbox 441 1036 537 1075; x_wconf 86' lang='lat' dir='ltr'><strong>fidei</strong></span> <span class='ocrx_word' id='word_1_81' title='bbox 556 1050 717 1075; x_wconf 92' lang='lat' dir='ltr'><strong>summo</strong></span> <span class='ocrx_word' id='word_1_82' title='bbox 738 1035 862 1076; x_wconf 89' lang='lat' dir='ltr'><strong>Patre</strong></span> <span class='ocrx_word' id='word_1_83' title='bbox 882 1037 1123 1077; x_wconf 87' lang='lat' dir='ltr'><strong>conferente</strong></span> <span class='ocrx_word' id='word_1_84' title='bbox 1144 1038 1278 1085; x_wconf 79' lang='lat' dir='ltr'><strong>dotes,</strong></span> <span class='ocrx_word' id='word_1_85' title='bbox 1367 1041 1418 1081; x_wconf 87' lang='lat'><strong>55</strong></span> 
     </span>
     <span class='ocr_line' id='line_1_16' title="bbox 254 1096 1020 1150; baseline 0.003 -16"><span class='ocrx_word' id='word_1_86' title='bbox 254 1097 346 1135; x_wconf 90' lang='lat' dir='ltr'><strong>urbi</strong></span> <span class='ocrx_word' id='word_1_87' title='bbox 365 1096 557 1135; x_wconf 89' lang='lat' dir='ltr'><strong>colendas</strong></span> <span class='ocrx_word' id='word_1_88' title='bbox 577 1110 678 1148; x_wconf 90' lang='lat' dir='ltr'><strong>quas</strong></span> <span class='ocrx_word' id='word_1_89' title='bbox 699 1097 817 1136; x_wconf 88' lang='lat' dir='ltr'><strong>dedit</strong></span> <span class='ocrx_word' id='word_1_90' title='bbox 835 1104 1020 1150; x_wconf 85' lang='lat' dir='ltr'><strong>togatae.</strong></span> 
     </span>
    </p>

    <p class='ocr_par' dir='ltr' id='par_1_11' title="bbox 202 1156 1342 1257">
     <span class='ocr_line' id='line_1_17' title="bbox 202 1156 1342 1211; baseline 0.004 -17"><span class='ocrx_word' id='word_1_91' title='bbox 202 1159 353 1208; x_wconf 84' lang='lat' dir='ltr'><strong>aspice,</strong></span> <span class='ocrx_word' id='word_1_92' title='bbox 372 1170 447 1208; x_wconf 88' lang='lat' dir='ltr'><strong>per</strong></span> <span class='ocrx_word' id='word_1_93' title='bbox 465 1156 611 1195; x_wconf 91' lang='lat' dir='ltr'><strong>bifidas</strong></span> <span class='ocrx_word' id='word_1_94' title='bbox 629 1157 747 1209; x_wconf 91' lang='lat' dir='ltr'><strong>plebs</strong></span> <span class='ocrx_word' id='word_1_95' title='bbox 767 1157 943 1196; x_wconf 89' lang='lat' dir='ltr'><strong>Romula</strong></span> <span class='ocrx_word' id='word_1_96' title='bbox 961 1158 1149 1198; x_wconf 88' lang='lat' dir='ltr'><strong>funditur</strong></span> <span class='ocrx_word' id='word_1_97' title='bbox 1166 1159 1342 1211; x_wconf 86' lang='lat' dir='ltr'><strong>plateas,</strong></span> 
     </span>
     <span class='ocr_line' id='line_1_18' title="bbox 253 1217 972 1257; baseline 0.003 -3"><span class='ocrx_word' id='word_1_98' title='bbox 253 1217 324 1254; x_wconf 84' lang='lat' dir='ltr'><strong>lux</strong></span> <span class='ocrx_word' id='word_1_99' title='bbox 343 1219 386 1254; x_wconf 92' lang='lat' dir='ltr'><strong>in</strong></span> <span class='ocrx_word' id='word_1_100' title='bbox 406 1217 566 1255; x_wconf 90' lang='lat' dir='ltr'><strong>duobus</strong></span> <span class='ocrx_word' id='word_1_101' title='bbox 586 1217 722 1256; x_wconf 88' lang='lat' dir='ltr'><strong>fervet</strong></span> <span class='ocrx_word' id='word_1_102' title='bbox 741 1232 823 1256; x_wconf 89' lang='lat' dir='ltr'><strong>una</strong></span> <span class='ocrx_word' id='word_1_103' title='bbox 842 1217 972 1257; x_wconf 89' lang='lat' dir='ltr'><strong>festis.</strong></span> 
     </span>
    </p>

    <p class='ocr_par' dir='ltr' id='par_1_12' title="bbox 202 1277 1420 1390">
     <span class='ocr_line' id='line_1_19' title="bbox 202 1277 1414 1331; baseline 0.004 -17"><span class='ocrx_word' id='word_1_104' title='bbox 202 1291 274 1315; x_wconf 87' lang='lat' dir='ltr'><strong>nos</strong></span> <span class='ocrx_word' id='word_1_105' title='bbox 296 1277 349 1315; x_wconf 89' lang='lat' dir='ltr'><strong>ad</strong></span> <span class='ocrx_word' id='word_1_106' title='bbox 369 1283 593 1328; x_wconf 90' lang='lat' dir='ltr'><strong>utrumque</strong></span> <span class='ocrx_word' id='word_1_107' title='bbox 613 1284 756 1316; x_wconf 90' lang='lat' dir='ltr'><strong>tamen</strong></span> <span class='ocrx_word' id='word_1_108' title='bbox 774 1292 918 1330; x_wconf 89' lang='lat' dir='ltr'><strong>gressu</strong></span> <span class='ocrx_word' id='word_1_109' title='bbox 936 1292 1204 1331; x_wconf 89' lang='lat' dir='ltr'><strong>properemus</strong></span> <span class='ocrx_word' id='word_1_110' title='bbox 1224 1281 1414 1326; x_wconf 87' lang='lat' dir='ltr'><strong>incitato,</strong></span> 
     </span>
     <span class='ocr_line' id='line_1_20' title="bbox 255 1337 1420 1390; baseline 0.005 -16"><span class='ocrx_word' id='word_1_111' title='bbox 255 1343 299 1375; x_wconf 93' lang='lat' dir='ltr'><strong>et</strong></span> <span class='ocrx_word' id='word_1_112' title='bbox 318 1337 379 1375; x_wconf 92' lang='lat' dir='ltr'><strong>his</strong></span> <span class='ocrx_word' id='word_1_113' title='bbox 400 1343 444 1375; x_wconf 91' lang='lat' dir='ltr'><strong>et</strong></span> <span class='ocrx_word' id='word_1_114' title='bbox 462 1337 542 1375; x_wconf 92' lang='lat' dir='ltr'><strong>illis</strong></span> <span class='ocrx_word' id='word_1_115' title='bbox 561 1337 822 1388; x_wconf 87' lang='lat' dir='ltr'><strong>perfruamur</strong></span> <span class='ocrx_word' id='word_1_116' title='bbox 839 1338 1016 1390; x_wconf 90' lang='lat' dir='ltr'><strong>hymnis.</strong></span> <span class='ocrx_word' id='word_1_117' title='bbox 1369 1342 1420 1380; x_wconf 81' lang='lat'><strong>60</strong></span> 
     </span>
    </p>

    <p class='ocr_par' dir='ltr' id='par_1_13' title="bbox 201 1397 1220 1510">
     <span class='ocr_line' id='line_1_21' title="bbox 201 1397 1220 1450; baseline 0.004 -16"><span class='ocrx_word' id='word_1_118' title='bbox 201 1398 350 1435; x_wconf 91' lang='lat' dir='ltr'><strong>ibimus</strong></span> <span class='ocrx_word' id='word_1_119' title='bbox 370 1397 542 1435; x_wconf 89' lang='lat' dir='ltr'><strong>ulterius</strong></span> <span class='ocrx_word' id='word_1_120' title='bbox 562 1411 644 1450; x_wconf 85' lang='lat' dir='ltr'><strong>qua</strong></span> <span class='ocrx_word' id='word_1_121' title='bbox 663 1397 746 1436; x_wconf 88' lang='lat' dir='ltr'><strong>fert</strong></span> <span class='ocrx_word' id='word_1_122' title='bbox 765 1401 830 1436; x_wconf 92' lang='lat' dir='ltr'><strong>via</strong></span> <span class='ocrx_word' id='word_1_123' title='bbox 847 1402 985 1450; x_wconf 90' lang='lat' dir='ltr'><strong>pontis</strong></span> <span class='ocrx_word' id='word_1_124' title='bbox 1005 1399 1220 1445; x_wconf 85' lang='lat' dir='ltr'><strong>Hadriani,</strong></span> 
     </span>
     <span class='ocr_line' id='line_1_22' title="bbox 254 1457 1008 1510; baseline 0.003 -15"><span class='ocrx_word' id='word_1_125' title='bbox 254 1457 415 1496; x_wconf 86' lang='lat' dir='ltr'><strong>laevam</strong></span> <span class='ocrx_word' id='word_1_126' title='bbox 434 1458 586 1496; x_wconf 89' lang='lat' dir='ltr'><strong>deinde</strong></span> <span class='ocrx_word' id='word_1_127' title='bbox 606 1457 784 1496; x_wconf 90' lang='lat' dir='ltr'><strong>fluminis</strong></span> <span class='ocrx_word' id='word_1_128' title='bbox 803 1465 1008 1510; x_wconf 90' lang='lat' dir='ltr'><strong>petemus.</strong></span> 
     </span>
    </p>

    <p class='ocr_par' dir='ltr' id='par_1_14' title="bbox 202 1518 1316 1631">
     <span class='ocr_line' id='line_1_23' title="bbox 202 1518 1316 1572; baseline 0.004 -17"><span class='ocrx_word' id='word_1_129' title='bbox 202 1518 497 1556; x_wconf 88' lang='lat' dir='ltr'><strong>transtiberina</strong></span> <span class='ocrx_word' id='word_1_130' title='bbox 514 1521 626 1569; x_wconf 88' lang='lat' dir='ltr'><strong>prius</strong></span> <span class='ocrx_word' id='word_1_131' title='bbox 645 1518 767 1557; x_wconf 89' lang='lat' dir='ltr'><strong>solvit</strong></span> <span class='ocrx_word' id='word_1_132' title='bbox 786 1532 901 1557; x_wconf 90' lang='lat' dir='ltr'><strong>sacra</strong></span> <span class='ocrx_word' id='word_1_133' title='bbox 919 1519 1093 1572; x_wconf 88' lang='lat' dir='ltr'><strong>pervigil</strong></span> <span class='ocrx_word' id='word_1_134' title='bbox 1112 1520 1316 1567; x_wconf 82' lang='lat' dir='ltr'><strong>sacerdos,</strong></span> 
     </span>
     <span class='ocr_line' id='line_1_24' title="bbox 254 1577 1059 1631; baseline 0.004 -16"><span class='ocrx_word' id='word_1_135' title='bbox 254 1591 350 1616; x_wconf 88' lang='lat' dir='ltr'><strong>mox</strong></span> <span class='ocrx_word' id='word_1_136' title='bbox 369 1577 449 1615; x_wconf 92' lang='lat' dir='ltr'><strong>huc</strong></span> <span class='ocrx_word' id='word_1_137' title='bbox 468 1581 641 1617; x_wconf 90' lang='lat' dir='ltr'><strong>recurrit</strong></span> <span class='ocrx_word' id='word_1_138' title='bbox 660 1579 930 1631; x_wconf 89' lang='lat' dir='ltr'><strong>duplicatque</strong></span> <span class='ocrx_word' id='word_1_139' title='bbox 949 1586 1059 1618; x_wconf 88' lang='lat' dir='ltr'><strong>vota.</strong></span> 
     </span>
    </p>

    <p class='ocr_par' dir='ltr' id='par_1_15' title="bbox 202 1637 1421 1680">
     <span class='ocr_line' id='line_1_25' title="bbox 202 1637 1421 1680; baseline 0.004 -5"><span class='ocrx_word' id='word_1_140' title='bbox 202 1637 304 1676; x_wconf 90' lang='lat' dir='ltr'><strong>haec</strong></span> <span class='ocrx_word' id='word_1_141' title='bbox 335 1638 525 1676; x_wconf 90' lang='lat' dir='ltr'><strong>didicisse</strong></span> <span class='ocrx_word' id='word_1_142' title='bbox 557 1645 622 1677; x_wconf 87' lang='lat' dir='ltr'><strong>sat</strong></span> <span class='ocrx_word' id='word_1_143' title='bbox 653 1645 717 1677; x_wconf 91' lang='lat' dir='ltr'><strong>est</strong></span> <span class='ocrx_word' id='word_1_144' title='bbox 748 1639 905 1677; x_wconf 88' lang='lat' dir='ltr'><strong>Romae</strong></span> <span class='ocrx_word' id='word_1_145' title='bbox 935 1640 1036 1678; x_wconf 87' lang='lat' dir='ltr'><strong>tibi:</strong></span> <span class='ocrx_word' id='word_1_146' title='bbox 1081 1646 1128 1679; x_wconf 85' lang='lat' dir='ltr'><strong>tu</strong></span> <span class='ocrx_word' id='word_1_147' title='bbox 1159 1640 1328 1679; x_wconf 91' lang='lat' dir='ltr'><strong>domum</strong></span> <span class='ocrx_word' id='word_1_148' title='bbox 1357 1654 1421 1680; x_wconf 88' lang='lat' dir='ltr'><strong>re·-</strong></span> 
     </span>
    </p>

    <p class='ocr_par' dir='ltr' id='par_1_16' title="bbox 309 1703 1418 1742">
     <span class='ocr_line' id='line_1_26' title="bbox 309 1703 1418 1742; baseline 0.006 -7"><span class='ocrx_word' id='word_1_149' title='bbox 309 1712 448 1736; x_wconf 87' lang='lat' dir='ltr'><strong>versus</strong></span> <span class='ocrx_word' id='word_1_150' title='bbox 1369 1703 1418 1742; x_wconf 84' lang='lat'><strong>65</strong></span> 
     </span>
    </p>

    <p class='ocr_par' dir='ltr' id='par_1_17' title="bbox 253 1757 1060 1798">
     <span class='ocr_line' id='line_1_27' title="bbox 253 1757 1060 1798; baseline 0.004 -3"><span class='ocrx_word' id='word_1_151' title='bbox 253 1757 364 1796; x_wconf 90' lang='lat' dir='ltr'><strong>diem</strong></span> <span class='ocrx_word' id='word_1_152' title='bbox 383 1758 582 1797; x_wconf 87' lang='lat' dir='ltr'><strong>bifestum</strong></span> <span class='ocrx_word' id='word_1_153' title='bbox 601 1762 657 1796; x_wconf 87' lang='lat' dir='ltr'><strong>sic</strong></span> <span class='ocrx_word' id='word_1_154' title='bbox 676 1759 785 1797; x_wconf 85' lang='lat' dir='ltr'><strong>colas</strong></span> <span class='ocrx_word' id='word_1_155' title='bbox 805 1758 1060 1798; x_wconf 89' lang='lat' dir='ltr'><strong>memento.’&#39;</strong></span> 
     </span>
    </p>
   </div>
   <div class='ocr_carea' id='block_1_3' title="bbox 202 1923 1421 2103">
    <p class='ocr_par' dir='ltr' id='par_1_18' title="bbox 202 1923 1421 2054">
     <span class='ocr_line' id='line_1_28' title="bbox 248 1923 1421 1968; baseline 0.003 -13"><span class='ocrx_word' id='word_1_156' title='bbox 248 1927 263 1942; x_wconf 80' lang='lat'><strong>⁰</strong></span> <span class='ocrx_word' id='word_1_157' title='bbox 286 1923 360 1956; x_wconf 86' lang='lat' dir='ltr'><strong>The</strong></span> <span class='ocrx_word' id='word_1_158' title='bbox 391 1924 523 1956; x_wconf 88' lang='lat' dir='ltr'><strong>church</strong></span> <span class='ocrx_word' id='word_1_159' title='bbox 552 1924 694 1957; x_wconf 76' lang='lat' dir='ltr'><strong>ereeted</strong></span> <span class='ocrx_word' id='word_1_160' title='bbox 724 1925 773 1968; x_wconf 90' lang='lat' dir='ltr'><strong>by</strong></span> <span class='ocrx_word' id='word_1_161' title='bbox 799 1924 1031 1958; x_wconf 76' lang='lat' dir='ltr'><strong>Constantine</strong></span> <span class='ocrx_word' id='word_1_162' title='bbox 1061 1936 1133 1958; x_wconf 82' lang='lat' dir='ltr'><strong>was</strong></span> <span class='ocrx_word' id='word_1_163' title='bbox 1162 1926 1294 1959; x_wconf 83' lang='lat' dir='ltr'><strong>rebuilt</strong></span> <span class='ocrx_word' id='word_1_164' title='bbox 1323 1936 1369 1959; x_wconf 92' lang='lat' dir='ltr'><strong>on</strong></span> <span class='ocrx_word' id='word_1_165' title='bbox 1398 1937 1421 1960; x_wconf 76' lang='lat' dir='ltr'><strong>a</strong></span> 
     </span>
     <span class='ocr_line' id='line_1_29' title="bbox 202 1967 1420 2008; baseline 0.003 -9"><span class='ocrx_word' id='word_1_166' title='bbox 202 1967 351 2008; x_wconf 85' lang='lat' dir='ltr'><strong>grander</strong></span> <span class='ocrx_word' id='word_1_167' title='bbox 369 1968 461 2000; x_wconf 80' lang='lat' dir='ltr'><strong>scale</strong></span> <span class='ocrx_word' id='word_1_168' title='bbox 483 1968 596 2000; x_wconf 89' lang='lat' dir='ltr'><strong>under</strong></span> <span class='ocrx_word' id='word_1_169' title='bbox 618 1968 836 2001; x_wconf 84' lang='lat' dir='ltr'><strong>Theodosius</strong></span> <span class='ocrx_word' id='word_1_170' title='bbox 859 1969 930 2001; x_wconf 83' lang='lat' dir='ltr'><strong>and</strong></span> <span class='ocrx_word' id='word_1_171' title='bbox 954 1969 1009 2001; x_wconf 87' lang='lat' dir='ltr'><strong>his</strong></span> <span class='ocrx_word' id='word_1_172' title='bbox 1031 1979 1095 2002; x_wconf 85' lang='lat' dir='ltr'><strong>son</strong></span> <span class='ocrx_word' id='word_1_173' title='bbox 1118 1970 1307 2003; x_wconf 83' lang='lat' dir='ltr'><strong>Honorius.</strong></span> <span class='ocrx_word' id='word_1_174' title='bbox 1355 1970 1420 2004; x_wconf 83' lang='lat' dir='ltr'><strong>See</strong></span> 
     </span>
     <span class='ocr_line' id='line_1_30' title="bbox 202 2011 594 2054; baseline 0.003 -12"><span class='ocrx_word' id='word_1_175' title='bbox 202 2011 383 2048; x_wconf 80' lang='lat' dir='ltr'><strong>Lanciani,</strong></span> <span class='ocrx_word' id='word_1_176' title='bbox 400 2022 459 2054; x_wconf 88' lang='lat' dir='ltr'><strong>pp.</strong></span> <span class='ocrx_word' id='word_1_177' title='bbox 481 2013 545 2044; x_wconf 86' lang='lat'><strong>150</strong></span> <span class='ocrx_word' id='word_1_178' title='bbox 558 2012 594 2043; x_wconf 82' lang='lat' dir='ltr'><strong>ff.</strong></span> 
     </span>
    </p>

    <p class='ocr_par' dir='ltr' id='par_1_19' title="bbox 247 2054 1418 2103">
     <span class='ocr_line' id='line_1_31' title="bbox 247 2054 1418 2103; baseline 0.004 -17"><span class='ocrx_word' id='word_1_179' title='bbox 247 2054 259 2074; x_wconf 75' lang='lat'><strong>²²</strong></span> <span class='ocrx_word' id='word_1_180' title='bbox 283 2054 357 2086; x_wconf 86' lang='lat' dir='ltr'><strong>The</strong></span> <span class='ocrx_word' id='word_1_181' title='bbox 374 2055 467 2087; x_wconf 88' lang='lat' dir='ltr'><strong>Pons</strong></span> <span class='ocrx_word' id='word_1_182' title='bbox 484 2055 614 2093; x_wconf 82' lang='lat' dir='ltr'><strong>Aelius,</strong></span> <span class='ocrx_word' id='word_1_183' title='bbox 629 2055 721 2088; x_wconf 78' lang='lat' dir='ltr'><strong>built</strong></span> <span class='ocrx_word' id='word_1_184' title='bbox 738 2056 787 2099; x_wconf 87' lang='lat' dir='ltr'><strong>by</strong></span> <span class='ocrx_word' id='word_1_185' title='bbox 804 2056 977 2095; x_wconf 80' lang='lat' dir='ltr'><strong>Hadrian,</strong></span> <span class='ocrx_word' id='word_1_186' title='bbox 991 2067 1071 2089; x_wconf 88' lang='lat' dir='ltr'><strong>now</strong></span> <span class='ocrx_word' id='word_1_187' title='bbox 1088 2056 1202 2091; x_wconf 78' lang='lat' dir='ltr'><strong>Ponte</strong></span> <span class='ocrx_word' id='word_1_188' title='bbox 1219 2056 1253 2090; x_wconf 88' lang='lat' dir='ltr'><strong>S.</strong></span> <span class='ocrx_word' id='word_1_189' title='bbox 1270 2056 1418 2103; x_wconf 83' lang='lat' dir='ltr'><strong>AngeIO.</strong></span> 
     </span>
    </p>
   </div>
   <div class='ocr_carea' id='block_1_4' title="bbox 201 2117 274 2169">
    <p class='ocr_par' dir='ltr' id='par_1_20' title="bbox 201 2117 274 2169">
     <span class='ocr_line' id='line_1_32' title="bbox 201 2117 274 2169; baseline 0 -15"><span class='ocrx_word' id='word_1_190' title='bbox 201 2117 274 2169; x_wconf 82' lang='lat'><strong>326</strong></span> 
     </span>
    </p>
   </div>
  </div>
 </body>
</html>
