1456 2358
637 142 998 185 PRUDENTIUS

258 251 430 294 miraris,
449 250 530 287 ista
550 256 614 288 est
634 249 817 288 Cassiani
835 250 978 303 gloria.

205 322 382 361 suggere
402 311 435 347 si
455 309 566 360 quod
584 309 712 349 habes
731 313 887 349 iustum
905 311 972 350 vel
991 312 1168 351 amabile
1186 318 1344 359 votum,
1372 316 1422 356 95

257 382 349 420 spes
369 372 403 407 si
423 383 505 420 qua
523 370 600 408 tibi
620 376 698 416 est,
718 373 751 409 si
770 371 871 422 quid
888 373 1000 410 intus
1021 377 1199 411 aestuas.

206 429 336 474 audit,
356 429 493 475 crede,
511 443 655 481 preces
674 436 833 483 martyr
851 435 1148 483 prosperrimus
1168 446 1326 480 omnes,

255 495 451 541 ratasque
470 489 609 528 reddit
628 503 729 542 quas
748 490 864 529 videt
882 490 1159 543 probabiles.”

203 562 344 600 pareo,
363 548 600 600 conplector
618 550 839 596 tumulum,
857 550 1045 591 lacrimas
1065 565 1230 604 quoque
1245 551 1393 600 fundo,

255 609 362 648 altar
380 612 558 661 tepescit
577 624 662 656 ore,
682 624 828 649 saxum
846 617 1029 663 pectore.
1344 616 1420 657 100

204 675 303 708 tunc
322 682 471 707 arcana
488 672 572 708 mei
590 683 815 722 percenseo
834 678 985 711 cuncta
1002 672 1168 718 laboris,

254 735 354 768 tunc
374 730 485 781 quod
503 731 716 782 petebam,
736 731 848 783 quod
866 733 1069 771 timebam
1087 746 1312 780 murmuro,

203 795 247 828 et
265 795 360 842 post
378 795 499 842 terga
518 791 687 829 domum
707 792 834 830 dubia
852 793 928 831 sub
947 799 1058 832 sorte
1077 793 1267 833 relictam

254 856 299 889 et
317 864 435 902 spem
453 850 583 889 futuri
601 850 709 890 forte
728 858 950 892 nutantem
969 854 1079 892 boni.

157 950 162 954 .
202 911 358 957 audior,
378 911 524 950 urbem
544 911 663 958 adeo,
682 912 840 952 dextris
860 915 1113 953 successibus
1133 920 1250 954 utor:
1344 918 1418 957 105

253 971 422 1009 domum
440 977 640 1018 revertor,
659 972 902 1012 Cassianum
921 974 1128 1026 praedico.

784 1162 823 1200 X

295 1256 443 1295 Samen
473 1257 642 1296 RoMAm
673 1258 898 1297 MAn'rvms
927 1272 1085 1298 CONTRA
1113 1260 1319 1299 Gen-runs

725 1313 892 1352 D1c'm.1

303 1392 494 1438 Romamn,
513 1391 666 1431 Christi
685 1392 802 1432 fortis
822 1393 1010 1432 adsertor
1030 1394 1126 1441 Dei,

302 1452 477 1504 elinguis
497 1454 576 1490 oris
596 1466 798 1505 organum
817 1452 955 1492 fautor
973 1468 1108 1500 move,

301 1511 450 1564 largire
470 1518 684 1564 comptum
702 1526 870 1552 carmen
888 1513 1177 1561 infantissimo,

301 1571 366 1610 fac
385 1578 433 1611 ut
451 1578 619 1611 tuarum
637 1575 742 1611 mira
758 1573 931 1612 laudum
949 1577 1176 1622 concinam,

300 1645 398 1670 nam
416 1635 492 1671 scis
513 1638 557 1671 et
575 1635 663 1684 ipse
682 1647 802 1684 posse
822 1639 959 1672 mutos
980 1634 1131 1686 eloqui.
1387 1638 1412 1677 5

351 1692 557 1743 plectrum
575 1692 705 1744 palati
725 1699 769 1732 et
788 1692 969 1732 faucium
988 1707 1134 1734 saevus
1153 1695 1231 1734 tibi

300 1757 432 1790 tortor
450 1752 635 1799 revulsit,
654 1766 732 1792 nec
750 1759 893 1792 tamen
912 1754 1123 1793 silentium

299 1812 449 1850 indixit
468 1815 527 1851 ori
546 1826 628 1864 quo
647 1811 845 1852 fatebaris
865 1814 1017 1853 Deum.

299 1885 378 1911 vox
397 1875 583 1911 veritatis
602 1875 720 1911 testis
741 1876 929 1927 extingui
947 1877 1108 1926 nequit,

242 1958 255 1978 ¹
281 1958 367 1991 This
383 1958 416 1991 ie
431 1958 484 1992 the
501 1958 571 1991 title
586 1970 628 1992 ae
644 1959 684 1992 in
700 1961 732 1992 B
750 1960 821 2000 (7th
837 1962 1002 2002 century).
1048 1960 1080 1993 A
1101 1962 1134 1995 is
1153 1966 1210 1995 not
1229 1961 1408 1996 available.

196 2001 266 2034 The
271 2012 385 2043 poem,
393 2002 420 2034 it
428 2013 536 2036 seem-s
542 2002 712 2044 probable,
722 2014 793 2037 was
801 2003 985 2046 oriqinally
993 2015 1016 2037 a
1025 2008 1178 2047 separate
1184 2005 1409 2047 publication.

193 2044 257 2079 See
271 2046 474 2088 Berqman'e
488 2047 733 2088 Proleqomena
747 2058 783 2090 p.
799 2048 880 2083 xiii.

196 2110 268 2147 228
