1456 2358
644 136 1006 178 PRUDENTIUS

510 244 585 283 XI.
616 243 775 282 ΜΑΝΝΑ
803 256 854 282 ΕΤ
881 243 1139 283 ΟοΤυιιΝιεΕε

271 314 449 353 Panibus
469 315 663 368 angelicis
683 315 826 354 albent
844 318 1026 354 tentoria
1043 321 1222 367 patrum.

217 376 332 408 certa
352 370 454 409 fides
474 369 597 409 facti:
631 376 752 409 tenet
772 383 917 409 urceus
939 383 1087 409 aureus
1107 372 1219 409 exim

217 431 427 463 servatum
444 437 620 470 manna3
652 427 825 477 ingratis
844 427 959 463 venit
977 425 1110 464 altera
1126 425 1258 463 nubes

217 486 344 531 atque
365 479 504 518 avidos
523 482 655 518 carnis
674 485 835 518 saturat
853 485 1053 532 congesta
1070 482 1272 518 coturnix.
1297 522 1300 527 ,

434 585 531 623 XII.
561 584 744 623 SERPENS
772 597 927 623 Annuus
956 597 1000 622 m
1030 584 1212 623 Hammo

269 656 474 695 Fervebat
495 659 560 694 via
581 659 687 694 sicea
706 655 865 694 heremi
885 656 1146 707 serpentibus
1168 658 1282 703 atris,
1380 656 1430 697 45

215 713 381 762 iamque
401 713 596 749 venenati
615 724 690 762 per
710 710 880 749 vulnera
898 710 1024 749 livida
1042 724 1200 749 morsus

215 766 443 816 carpebant
460 765 674 817 populum,
693 765 767 803 sed
785 765 965 816 prudens
986 778 1081 803 aere
1099 764 1276 817 politum

215 820 299 858 dux
319 833 438 859 cruce
458 820 688 872 suspendit,
707 823 778 871 qui
796 822 904 858 virus
923 825 1148 872 temperet,
1167 833 1360 873 anguem.

415 923 536 961 XIII.
567 922 700 961 LAcus
731 922 949 960 Micam-mi:
978 935 1022 960 IN
1050 922 1232 960 Hammo

267 994 428 1045 Aspera
445 1000 617 1046 gustatu
635 994 788 1045 populo
805 996 975 1033 sitiente
992 993 1140 1032 lacuna

215 1049 421 1087 tristificos
439 1049 583 1087 latices
602 1051 815 1100 stagnanti
833 1047 930 1087 felle
948 1049 1136 1088 tenebat.
1379 1050 1431 1089 50

218 1103 386 1156 Moyses
423 1109 588 1142 sanetus
625 1106 706 1142 ait:
757 1102 959 1155 “lignum
993 1103 1107 1149 date,
1141 1105 1352 1156 gurgitem
1387 1105 1432 1142 in

319 1161 445 1197 istum
746 1163 752 1170 ’

214 1216 403 1259 conicite,
422 1216 464 1251 in
484 1212 648 1251 dulcem
666 1218 882 1251 vertentur
901 1225 1041 1251 amara
1059 1211 1291 1264 saporem.”

456 1312 568 1350 XIV.
599 1312 738 1350 Anum
768 1312 904 1350 Lucus
934 1325 977 1350 IN
1006 1312 1188 1350 Hnnmuo

268 1383 487 1422 Devenere
507 1386 581 1422 viri
603 1383 740 1435 Moysi
760 1383 879 1429 duce,
900 1397 972 1422 sex
993 1383 1064 1421 ubi
1082 1381 1220 1422 fontes

216 1445 259 1477 et
278 1452 350 1476 sex
371 1438 477 1476 forte
498 1438 567 1476 alii
585 1441 716 1476 vitreo
735 1438 788 1476 de
807 1451 898 1476 rore
917 1438 1111 1490 rigabant

214 1498 408 1544 septenas
426 1493 562 1531 decies
580 1492 760 1544 palmas3
793 1495 864 1543 qui
880 1495 1078 1544 mysticus
1095 1491 1234 1530 Aelim
1378 1494 1430 1533 55

214 1547 327 1586 lucus
349 1547 618 1599 apostolicum
638 1560 856 1585 numerum
874 1547 987 1585 libris
1008 1559 1173 1598 quoque
1191 1548 1340 1599 pinxit.

400 1646 489 1685 XV.
520 1646 746 1685 Duonncm
776 1646 954 1684 LAPmEs
984 1658 1028 1684 IN
1058 1645 1243 1684 IonnANi:

268 1718 317 1756 In
336 1718 496 1757 fontem
516 1717 645 1756 refluo
667 1717 850 1756 Iordanis
869 1720 1036 1770 gurgite
1056 1716 1202 1763 fertur,

215 1773 314 1811 dum
334 1773 530 1811 calcanda
550 1772 631 1810 Dei
650 1772 811 1824 populis
831 1771 938 1810 vada
956 1774 1063 1810 sicca
1082 1771 1303 1823 relinquit3

214 1833 345 1866 testes
365 1828 426 1866 bis
446 1830 534 1865 seni
553 1827 725 1878 lapides,
745 1840 846 1878 quos
865 1825 1034 1864 flumine
1052 1828 1095 1864 in
1113 1828 1202 1878 ipso

215 1885 466 1921 constituere
485 1888 625 1933 patres
643 1884 686 1920 in
705 1880 879 1919 formam
898 1880 1201 1933 discipulorum.
1377 1881 1428 1920 60

259 1985 274 2000 ⁴²
298 1980 445 2012 Exodus
459 1980 532 2014 xvi.
580 1980 631 2013 Cf.
650 1979 818 2012 Hebrews
832 1980 881 2018 ix,
897 1981 931 2012 4.
1080 1978 1093 1998 δ
1116 1977 1295 2011 Numbers
1307 1977 1382 2011 xxi.

261 2029 274 2044 ⁰
298 2024 444 2056 Exodus
458 2034 518 2057 xv.
612 2022 628 2043 ‘²
651 2023 798 2055 Exodus
813 2033 873 2061 xv,
891 2022 990 2055 Luke
1006 2033 1041 2055 x.
1089 2021 1153 2055 See
1168 2021 1296 2063 Apoth.
1315 2022 1414 2056 1005.

259 2074 271 2088 ⁶
293 2067 430 2101 Joshua
447 2068 495 2107 iii,
513 2068 550 2100 iv

213 2126 284 2164 35²
