1456 2358
594 158 956 199 PRUDENTIUS

174 276 218 310 et
237 269 388 308 throno
407 281 585 321 regnans
607 267 658 305 ab
678 265 764 304 alto
781 265 954 304 damnat
971 263 1147 302 infames
1165 263 1265 302 deos

172 360 342 398 vosque,
362 348 432 397 qui
451 344 625 383 ridenda
644 344 758 381 vobis
777 348 961 381 monstra
979 341 1094 380 divos
1114 337 1311 393 fingitis.”

221 424 324 462 haec
342 423 561 474 loquentes
581 421 812 459 obruuntur
830 418 943 457 mille
962 420 1105 470 poenis
1124 422 1351 469 martyres3

171 501 346 540 nexibus
364 513 511 537 manus
530 504 727 549 utrasque
747 496 878 535 flexus
897 495 1070 534 involvit
1087 497 1211 548 rigor,
1337 494 1385 534 71

173 585 217 617 et
236 577 405 630 chalybs
425 576 580 614 adtrita
598 574 705 613 colla
722 573 915 627 gravibus
935 572 1066 611 ambit
1084 570 1257 610 circulis.

225 669 249 693 o
268 655 489 693 vetustatis
508 652 666 691 silentis
686 650 873 690 obsoleta
891 649 1064 688 oblivio!

172 731 410 771 invidentur
427 733 508 769 ista
526 729 643 767 nobis
663 728 775 766 fama
794 733 838 766 et
856 730 946 779 ipsa
965 728 1237 778 extinguitur.

174 808 381 848 chartulas
399 807 666 859 blasphemus
686 806 785 844 olim
804 818 900 842 nam
920 803 1087 842 satelles
1107 801 1293 848 abstulit,
1342 802 1393 843 75

226 900 279 925 ne
298 885 514 925 tenacibus
531 883 683 922 libellis
704 882 867 921 erudita
885 880 1050 919 saecula

175 964 376 1008 ordinem,
395 968 561 1012 tempus
581 960 834 1011 modumque
853 960 1052 1009 passionis
1070 956 1282 1009 proditum

176 1041 364 1080 dulcibus
382 1040 534 1091 linguis
552 1051 628 1089 per
647 1050 765 1075 aures
784 1041 1044 1087 posterorum
1063 1038 1320 1086 spargerent.

228 1118 305 1156 hoc
324 1123 468 1156 tamen
487 1115 620 1154 solum
639 1120 806 1153 vetusta
824 1112 1076 1151 subtrahunt
1095 1110 1272 1157 silentia,

176 1196 340 1248 iugibus
358 1193 528 1245 longum
548 1194 705 1230 catenis
725 1204 777 1229 an
796 1189 993 1241 capillum
1010 1190 1215 1241 paverint,
1342 1189 1394 1228 80

178 1286 260 1324 quo
279 1274 384 1310 viros
403 1269 543 1309 dolore
563 1275 695 1308 tortor
714 1280 847 1319 quave
866 1280 1019 1318 pompa
1038 1266 1258 1305 ornaverit.

229 1349 302 1388 illa
319 1348 407 1387 laus
427 1346 589 1386 occulta
607 1359 689 1384 non
709 1350 773 1383 est
792 1357 868 1382 nec
887 1345 1065 1382 senescit
1083 1348 1287 1394 tempore,

179 1429 303 1466 missa
322 1424 433 1477 quod
451 1437 611 1463 sursum
630 1436 705 1474 per
724 1435 842 1460 auras
863 1420 1080 1459 evolarunt
1098 1432 1286 1464 munera,

181 1517 288 1556 quae
307 1505 416 1541 viam
434 1507 579 1553 patere
599 1500 703 1538 caeli
722 1497 1013 1551 praemicando
1033 1496 1317 1536 ostenderent.

232 1581 342 1619 illius
362 1579 486 1618 fidem
506 1577 685 1630 figurans
705 1576 815 1614 nube
835 1574 967 1613 fertur
986 1573 1145 1619 anulus,
1345 1573 1396 1612 85

181 1659 247 1697 hic
266 1660 328 1697 sui
346 1657 421 1695 dat
439 1658 587 1708 pignus
606 1656 700 1699 oris,
720 1659 767 1691 ut
786 1652 941 1698 ferunt,
960 1653 1153 1696 orarium,

183 1748 291 1788 quae
310 1747 487 1786 superno
505 1737 626 1784 rapta
644 1729 747 1769 flatu
765 1729 866 1768 lucis
885 1731 1044 1767 intrant
1062 1729 1268 1766 intimum.

236 1825 310 1864 per
328 1811 411 1862 poli
429 1810 625 1860 liquentis
645 1821 767 1846 axem
785 1805 922 1859 fulgor
940 1807 1029 1844 auri
1047 1803 1313 1845 absconditur

185 1903 231 1927 ac
251 1889 322 1928 diu
341 1891 472 1926 visum
492 1899 711 1938 sequacem
731 1883 889 1922 textilis
907 1882 1060 1921 candor
1079 1880 1209 1934 fugit3

185 1965 470 2004 subvehuntur
489 1976 618 2014 usque
638 1964 680 2000 in
701 1967 810 1999 astra
828 1973 905 1998 nec
923 1959 1117 1998 videntur
1136 1957 1324 2010 amplius.
1345 1958 1395 1997 90

237 2043 340 2081 vidit
359 2041 435 2079 hoc
454 2045 680 2078 conventus
701 2038 883 2083 adstans,
902 2039 989 2089 ipse
1009 2035 1112 2074 vidit
1131 2033 1315 2074 carnifex

189 2153 259 2189 104
