1456 2358
613 135 975 176 PRUDENTIUS

183 247 333 299 gignit,
353 244 441 291 alit,
459 249 640 296 reparat,
659 242 921 294 recidivaque
941 243 1099 280 semina
1117 247 1266 281 servat.

184 319 261 344 nec
279 303 423 350 refert,
442 307 557 343 cuius
575 305 739 356 generis
758 305 925 341 cuiusve
945 302 1101 354 figurae

185 371 259 404 aut
277 367 391 404 cuius
410 366 571 403 meriti:
604 363 727 402 modo
746 365 829 401 sint
848 368 896 401 ut
915 375 1084 414 corpora
1101 367 1214 401 terra

185 425 299 464 edita
317 427 492 464 terrenis
512 424 660 476 quibus
681 428 745 461 est
763 425 878 475 vigor
899 435 950 460 ex
971 422 1191 461 elementis*
1201 434 1212 468 ;
1327 424 1404 464 825

185 485 351 524 artificis
371 487 468 537 quia
487 483 620 523 Patris
639 497 741 535 opus
761 482 994 521 discrimine
1012 482 1126 521 nullo

184 544 321 584 influit
338 547 381 584 in
400 544 585 583 medium
603 557 680 582 nec
700 556 821 581 avaro
840 556 1013 581 munere
1031 544 1173 589 currit,

185 611 285 644 ante
304 605 450 645 datum
470 618 595 656 quam
613 606 768 656 primus
787 603 911 641 homo
931 602 1187 642 sordesceret
1205 602 1356 642 Adam.

185 679 262 706 nec
282 668 381 704 vitio
400 670 596 704 utentum
614 666 851 703 restrictum
869 662 1010 701 deficit
1029 668 1103 701 aut
1121 676 1166 701 se
1455 699 1456 702 ,

185 725 393 764 subtrahit
411 725 605 777 indignis,
624 737 701 762 nec
719 722 844 762 foeda
863 729 906 761 et
925 725 1064 774 turpia
1081 725 1199 762 vitat.
1329 725 1408 764 830

185 785 296 824 haud
315 785 436 824 aliter
454 785 549 824 solis
567 784 721 830 radius,
739 797 834 822 cum
851 782 1028 822 luminat
1047 796 1189 822 omnes

185 844 332 884 diffuso
351 845 569 897 splendore
588 845 712 889 locos,
731 842 829 882 ferit
849 856 974 882 aurea
992 848 1122 890 tecta,

186 905 261 944 sed
279 904 376 944 ferit
396 910 440 944 et
459 907 576 958 nigro
596 904 807 943 sordentia
825 903 1004 942 culmina
1022 902 1149 942 fumo.

185 968 315 1004 intrat
334 966 604 1004 marmoribus
624 963 829 1016 Capitolia
847 963 970 1009 clara,
988 963 1064 1002 sed
1080 965 1210 1003 intrat

186 1028 358 1064 carceris
379 1031 423 1064 et
441 1028 564 1063 rimas
585 1030 629 1063 et
647 1030 786 1063 taetra
804 1022 1006 1078 foramina
1024 1023 1152 1062 clausi
1331 1025 1409 1066 835

185 1088 375 1124 stercoris
396 1091 440 1124 et
459 1099 649 1137 spurcam
667 1083 873 1123 redolenti
891 1086 934 1122 in
953 1082 1107 1122 fornice
1126 1083 1286 1122 cellam.

187 1145 261 1184 sed
279 1160 362 1184 non
380 1146 483 1184 illud
503 1151 625 1184 erunt
644 1145 817 1183 obscura
837 1143 1060 1196 ergastula,
1079 1144 1191 1196 quod
1209 1150 1307 1183 sunt

186 1208 302 1258 regia
320 1211 533 1258 gemmato
551 1205 763 1256 laquearia
781 1203 894 1242 fulva
912 1203 1096 1257 metallo.

187 1279 338 1317 nempe
358 1268 489 1318 magis
509 1279 590 1304 non
609 1264 713 1303 illud
733 1270 869 1310 erunt,
889 1266 959 1316 qui
978 1277 1133 1302 numen
1151 1266 1194 1302 in
1213 1267 1324 1303 urnis

188 1331 395 1377 quaerunt
415 1339 462 1364 ac
481 1325 651 1364 tumulis
672 1330 716 1363 et
733 1324 866 1362 larvas
886 1326 1086 1376 sanguine
1105 1324 1286 1376 placant,
1333 1325 1412 1366 840
1448 1369 1449 1372 ,

188 1385 299 1437 quod
318 1391 416 1424 sunt
435 1388 506 1437 qui
525 1399 733 1424 summum
751 1384 856 1423 caeli
876 1384 1103 1423 Dominum
1121 1389 1374 1424 venerantur

186 1448 473 1498 iustitiamque
491 1445 617 1484 litant
637 1451 681 1483 et
699 1444 904 1496 templum
923 1446 1101 1496 pectoris
1120 1450 1281 1483 ornant.

188 1512 396 1544 secretum
415 1505 489 1544 sed
507 1505 665 1557 grande
685 1507 832 1556 nequit
851 1507 1020 1543 rationis
1039 1509 1211 1556 opertae

189 1568 331 1618 quaeri
352 1566 473 1604 aliter
491 1579 617 1617 quam
636 1568 669 1603 si
688 1567 836 1616 sparsis
856 1567 922 1602 via
940 1564 1238 1616 multiplicetur

189 1627 440 1672 tramitibus,
461 1632 505 1664 et
524 1631 721 1663 centenos
741 1630 853 1663 terat
872 1625 1007 1663 orbita
1025 1624 1149 1663 ealles
1333 1625 1411 1666 845

190 1689 429 1738 quaesitura
449 1686 588 1724 Deum
607 1687 765 1723 variata
783 1684 935 1737 indage
954 1684 1171 1723 latentem.

188 1746 312 1798 longe
332 1746 445 1784 aliud
463 1759 607 1784 verum
627 1751 714 1790 est3
748 1759 845 1783 nam
863 1744 997 1783 multa
1017 1745 1141 1783 amba
1151 1758 1206 1798 go
1224 1746 1384 1784 viarum

190 1805 399 1845 anfractus
419 1806 564 1844 dubios
583 1804 713 1844 habet
733 1811 777 1844 et
795 1804 1031 1856 perplexius
1051 1810 1184 1850 errat3

236 1954 251 1969 ‘¹
274 1950 296 1982 I
299 1960 337 1982 .e.
369 1949 523 1992 through
553 1949 615 1982 the
645 1949 842 1981 interstices
872 1949 913 1981 os
938 1948 1000 1981 the
1030 1948 1123 1991 leafy
1154 1948 1290 1991 boughs
1319 1947 1408 1981 with

190 1993 314 2031 which,
332 2004 371 2026 as
387 1994 497 2026 Varro
513 1993 596 2034 (Res
611 1993 781 2031 Rusticae,
799 1993 828 2031 Ι,
848 1994 900 2031 13,
917 1994 952 2033 4)
969 1992 1220 2031 recommends,
1237 1992 1299 2026 the
1313 1992 1407 2026 sides

190 2037 262 2070 and
277 2040 341 2080 top
356 2037 396 2070 of
406 2037 467 2070 the
483 2037 686 2080 dung-heap
700 2047 759 2069 are
775 2036 922 2070 covered
936 2036 1028 2069 from
1042 2036 1104 2069 the
1119 2047 1196 2069 sun.

193 2113 237 2150 72
