1456 2358
154 2121 225 2158 174

569 123 931 165 PRUDENTIUS

300 238 345 272 at
363 238 462 271 sunt
475 231 492 256 1
512 237 556 270 et
574 231 657 269 illic
676 233 854 282 spiritus.

249 293 361 333 sunt,
379 287 454 325 sed
471 288 660 339 magistri
678 287 894 323 criminum

248 347 412 382 vestrae
433 347 477 380 et
495 341 639 379 salutis
659 352 853 391 aucupes,

248 399 357 449 vagi,
375 398 630 447 inpotentes,
649 394 816 439 sordidi,

302 453 373 503 qui
391 464 462 489 vos
481 450 663 488 latenter
680 451 827 487 incitos

249 509 292 544 in
310 519 433 544 omne
453 504 694 556 conpellunt
712 502 843 548 nefas,

250 566 414 599 vastare
432 562 562 598 iustos
581 558 791 603 caedibus,

250 615 418 668 plebem
436 617 598 666 piorum
617 626 798 664 carpere.

303 675 456 708 norunt
476 674 520 707 et
537 670 615 719 ipsi
635 681 682 705 ac
701 669 888 705 sentiunt

249 724 405 776 pollere
425 723 634 762 Christum
654 728 698 761 et
715 724 867 767 vivere,

252 781 422 830 eiusque
441 780 524 816 iam
542 780 708 828 iamque
728 775 870 814 adfore

251 847 426 886 regnum
445 831 711 871 tremendum
729 830 908 882 perfidis.

304 888 487 926 clamant
505 886 688 925 fatentes
707 886 887 936 denique

251 942 358 995 pulsi
378 956 430 981 ex
447 941 618 980 latebris
637 943 838 978 viscerum
854 939 871 963 ²

252 1000 406 1036 virtute
427 996 579 1035 Christi
599 1001 643 1034 et
661 997 840 1040 nomine,

252 1053 419 1103 divique
440 1057 484 1090 et
501 1050 614 1088 idem
633 1047 898 1088 daemones.”

304 1107 367 1145 his
385 1109 648 1144 intonantem
666 1109 893 1156 martyrem

253 1161 378 1200 iudex
397 1159 593 1212 profanus
611 1173 695 1198 non
713 1158 823 1197 tulit.

253 1215 505 1255 conclamat:
540 1213 564 1227 “
583 1227 627 1252 os
647 1213 873 1259 obtrudite,

253 1284 306 1310 ne
325 1270 444 1322 plura
462 1272 592 1308 iactet
609 1268 818 1319 inprobus.

305 1338 449 1363 vocem
466 1323 673 1375 loquentis
693 1322 874 1360 claudite

253 1382 489 1432 raptimque
508 1377 672 1416 lictores
691 1377 805 1422 date,

253 1434 344 1474 illos
363 1447 527 1472 reorum
547 1431 743 1470 Plutones

252 1494 393 1542 pastos
412 1489 581 1526 resectis
601 1485 821 1524 carnibus.³

305 1546 389 1581 iam
407 1542 504 1580 faxo
522 1544 584 1580 ius
603 1542 856 1593 praetorium

255 1600 503 1637 conviciator
522 1598 691 1641 sentiat,

254 1656 409 1704 inpune
429 1664 481 1689 ne
501 1652 650 1689 nostris
670 1650 746 1688 sibi

255 1708 317 1747 dis
336 1705 599 1746 destruendis
617 1704 773 1743 luserit.

306 1762 385 1800 tibi
404 1773 503 1813 ergo
522 1759 610 1805 soli,
629 1764 867 1804 contumax,
928 1795 933 1800 ,

255 1816 432 1867 Tarpeia
451 1814 661 1852 calcentur
679 1813 821 1852 sacra?

255 1876 303 1909 tu
322 1883 442 1922 porro
461 1868 569 1908 solus
589 1868 754 1906 obteras

256 1926 444 1970 Romam,
464 1929 670 1968 senatum,
690 1921 938 1961 Caesarem?

308 1981 492 2018 vinctum
510 1979 676 2017 retortis
695 1977 894 2015 bracchiis

256 2047 417 2074 sursum
437 2046 484 2071 ae
502 2032 694 2072 deorsum
714 2032 946 2076 extendite,

1309 664 1359 704 85

1311 938 1362 977 90

1311 1210 1362 1251 95

1287 1485 1363 1524 100

1289 1758 1364 1798 105

1289 2029 1365 2070 110
