1456 2358
577 165 940 207 PRUDENTIUS

149 283 173 308 o
193 268 292 308 felix
312 272 498 316 nimium,
517 272 680 322 sapiens
701 277 745 310 et
762 274 937 311 rusticus
956 272 1082 318 idem,
1267 274 1369 314 1020

150 332 218 381 qui
239 335 370 369 terras
390 333 656 382 animumque
676 331 813 371 colens
831 332 1023 384 inpendit
1041 335 1227 385 utrisque

149 403 289 428 curam
308 391 564 442 pervigilem,
584 391 726 442 quales
746 405 848 443 quos
866 393 1002 431 inbuit
1021 398 1164 431 auctor
1182 443 1187 445 Δ

149 449 348 496 Christus,
369 456 413 489 et
432 450 660 502 adsumptis
680 451 798 490 dedit
814 451 918 490 haec
935 448 1331 504 praeceptacolonis
1342 464 1356 492 z

148 509 171 523 “
192 512 349 548 semina
367 524 461 548 cum
480 511 600 549 sulcis
619 514 891 558 committitis,
911 525 1008 550 arva
1026 518 1172 551 cavete

148 570 252 609 dura
269 570 500 622 lapillorum
518 573 664 617 macie,
684 585 737 609 ne
756 572 922 611 decidat
939 571 1022 610 illic
1267 574 1367 614 1025

148 630 259 682 quod
278 633 440 677 seritur,
459 634 591 683 primo
611 634 805 683 quoniam
823 631 1063 684 praefertile
1081 645 1255 685 germen

145 691 342 736 luxuriat,
361 705 457 729 suco
476 705 573 729 mox
593 691 814 730 deficiente
834 693 910 731 sub
929 698 1049 731 aestu

146 751 289 790 sideris
309 750 473 803 igniferi
491 754 634 789 sitiens
653 757 835 790 torretur
854 756 899 791 et
918 757 1031 798 aret;

147 824 251 850 neve
270 813 312 849 in
332 813 515 862 spinosos
534 814 745 850 incurrant
764 815 922 850 semina
940 825 1099 864 vepres,

147 885 293 923 aspera
311 885 408 909 nam
427 877 616 923 segetem
635 878 877 924 surgentem
895 872 1057 911 vincula
1075 877 1227 912 texunt
1265 875 1366 914 1030

146 945 193 970 ac
213 931 378 983 fragiles
398 931 575 970 calamos
595 932 712 970 nodis
731 933 857 971 rubus
876 938 987 971 artat
1006 934 1160 978 acutis3

146 997 190 1030 et
209 1005 261 1030 ne
280 994 391 1030 iacta
409 994 499 1030 viae
519 998 767 1044 spargantur
784 995 827 1030 in
847 1006 1000 1045 aggere
1019 1005 1162 1045 grana,

144 1051 247 1090 haec
267 1052 409 1090 avibus
429 1054 526 1102 quia
545 1052 657 1090 nuda
674 1058 824 1104 patent
842 1055 1078 1104 passimque
1097 1058 1292 1092 vorantur

143 1110 434 1163 inmundisque
453 1114 592 1150 iacent
610 1111 734 1151 foeda
753 1112 806 1150 ad
823 1112 1001 1151 ludibria
1019 1111 1190 1151 corvis.”

143 1171 205 1210 his
226 1172 340 1211 Deus
361 1172 582 1223 agricolam
601 1172 816 1211 confirmat
834 1172 1018 1225 legibus3
1050 1172 1120 1211 ille
1263 1175 1362 1214 1035

143 1233 204 1270 ius
223 1231 404 1270 caeleste
424 1230 557 1270 Patris
577 1246 658 1270 non
678 1246 838 1270 summa
856 1233 1055 1285 intelligit
1073 1245 1186 1279 aure,

142 1292 216 1330 sed
235 1292 356 1330 simul
376 1298 419 1330 et
438 1292 569 1330 cordis
589 1298 778 1344 segetem
797 1292 978 1344 disponit
998 1298 1042 1331 et
1061 1294 1162 1344 agri,

142 1365 195 1390 ne
214 1355 348 1390 minus
367 1354 531 1390 interno
550 1355 713 1390 niteant
731 1352 972 1403 praecordia
989 1352 1104 1391 cultu

142 1426 267 1464 quam
286 1426 380 1450 cum
398 1412 511 1450 laeta
529 1426 622 1450 suas
642 1418 858 1451 ostentant
875 1415 1020 1465 iugera
1037 1425 1204 1451 messes.

142 1475 396 1524 extirpamus
417 1474 527 1513 enim
546 1478 685 1511 sentos
705 1472 757 1511 de
776 1478 946 1524 pectore
964 1486 1125 1524 vepres,
1259 1474 1360 1514 1040

141 1546 193 1570 ne
212 1535 359 1570 vitiosa
377 1538 529 1570 necent
547 1546 719 1584 germen
738 1532 864 1571 vitale
883 1532 1062 1584 flagella,

140 1606 192 1630 ne
212 1592 375 1644 frugem
394 1598 666 1644 segetemque
687 1595 848 1631 animae
868 1595 1032 1644 spinosa
1049 1592 1251 1631 malorum

138 1653 326 1704 inpediat
345 1655 481 1691 sentix
501 1653 702 1691 scelerum
721 1655 958 1704 peccamine
978 1653 1135 1698 crebro,

137 1712 279 1764 glarea
298 1726 350 1750 ne
370 1715 507 1751 tenuis
526 1715 672 1751 ieiunis
692 1715 818 1751 siccet
836 1712 999 1751 harenis

138 1778 394 1811 marcentem
413 1773 489 1811 sub
508 1772 630 1811 corde
651 1772 789 1819 fidem,
808 1786 861 1811 ne
880 1774 1058 1824 pectoris
1078 1778 1217 1811 aestus
1255 1773 1355 1814 1045

138 1832 286 1884 flagret
305 1838 349 1871 et
369 1832 501 1871 effetis
521 1838 614 1871 urat
633 1832 880 1871 charismata
898 1835 1026 1878 venis,

137 1893 316 1944 denique
335 1906 388 1930 ne
407 1895 549 1931 iecoris
569 1893 723 1931 detrita
741 1895 784 1930 in
802 1898 921 1944 parte
939 1892 1150 1944 relinquat

136 1952 224 1991 vilis
243 1966 341 1990 cura
360 1953 513 1998 Deum,
532 1965 585 1990 ne
605 1966 736 2004 spem,
754 1966 838 2004 qua
856 1955 1057 1991 vescimur
1074 1954 1200 1998 intus,

135 2012 302 2051 deserat
321 2013 590 2063 obscenisque
610 2013 751 2051 avibus
770 2014 989 2064 permittat
1008 2011 1227 2058 edendam,

135 2077 179 2110 et
198 2074 382 2124 proiecta
402 2072 502 2111 fides
521 2072 629 2111 hosti
649 2075 702 2111 sit
720 2071 876 2124 praeda
895 2071 1057 2110 volucri.
1250 2073 1351 2113 1050

134 2135 182 2171 88
