1456 2358
169 2116 240 2154 266

596 136 957 177 PRUDENTIUS

273 258 366 283 cum
385 245 647 296 sempiternis
666 243 972 295 permanebunt
991 242 1162 295 angelis.
1306 243 1384 284 540

324 305 545 338 contemne
564 311 759 350 praesens
779 298 896 343 utile,
916 312 940 336 o
958 297 1139 348 prudens
1158 297 1296 343 homo,

273 354 384 405 quod
398 353 721 398 terminandum,
738 352 848 403 quod
866 351 1184 403 relinquendum
1204 357 1268 390 est
1282 351 1384 398 tibi;

273 411 422 447 omitte
442 421 602 459 corpus,
621 420 710 445 rem
729 406 904 458 sepulcri
924 412 968 445 et
986 406 1164 451 funeris3

273 463 401 501 tende
422 462 475 500 ad
493 461 677 500 futuram
695 461 883 514 gloriam,
902 474 1030 514 perge
1051 461 1103 499 ad
1123 461 1285 506 Deum3

274 530 450 570 agnosce
465 519 536 568 qui
549 519 617 563 sis,
631 519 748 554 vince
762 515 963 554 mundum
978 521 1022 554 et
1035 513 1287 554 saeculum.''
1307 516 1383 556 545

324 571 494 610 vixdum
515 571 700 610 elocutus
720 576 878 622 martyr
895 570 1002 608 hanc
1020 574 1242 622 peregerat

273 629 517 671 orationem,
537 639 631 664 cum
650 625 790 663 furens
808 627 1020 663 interserit

273 680 540 732 Asclepiades
555 693 563 717 z
599 679 621 693 “
641 685 779 718 vertat
797 682 927 718 ictum
945 678 1130 717 carnifex

272 738 315 773 in
334 749 377 773 os
396 735 618 786 loquentis,
637 737 763 785 inque
783 734 971 772 maxillas
990 747 1160 772 manum

273 790 488 840 sulcosque
509 795 651 828 acutos
671 795 715 827 et
735 788 918 827 fidiculas
938 787 1174 827 transferat.
1307 790 1384 829 550

324 845 586 882 verbositatis
605 846 694 895 ipse
713 849 930 895 rumpatur
947 843 1074 888 locus,

272 901 566 937 scaturrientes
585 898 735 950 perdat
754 904 802 936 ut
820 897 1048 948 loquacitas

272 956 469 992 sermonis
490 966 608 991 auras
627 952 846 1004 perforatis
865 951 1046 997 follibus,

273 1009 420 1059 quibus
441 1007 613 1046 sonandi
631 1007 746 1045 nulla
763 1007 831 1044 lex
850 1009 968 1057 ponit
986 1006 1180 1052 modum;

272 1066 361 1114 ipsa
381 1068 425 1100 et
442 1062 650 1113 loquentis
670 1062 796 1099 verba
814 1063 999 1112 torqueri
1016 1059 1151 1099 volo.'’
1307 1062 1383 1101 555

323 1117 457 1168 inplet
474 1117 656 1154 iubentis
676 1116 788 1154 dicta
805 1116 924 1154 lictor
942 1118 1100 1167 inpius3

272 1171 470 1210 charaxat
490 1171 632 1209 ambas
652 1170 816 1222 ungulis
836 1170 1109 1208 scribentibus

272 1239 415 1278 genas,
435 1228 615 1264 cruentis
637 1231 680 1264 et
699 1231 813 1263 secat
833 1224 982 1263 faciem
1000 1227 1123 1270 notis,

272 1281 431 1319 hirsuta
449 1280 586 1318 barbis
606 1279 777 1318 solvitur
795 1281 970 1331 carptim
989 1281 1109 1324 cutis,

273 1341 317 1374 et
335 1341 525 1373 mentum
545 1334 730 1385 adusque
749 1334 887 1372 vultus
907 1335 1038 1372 omnis
1057 1332 1268 1372 scinditur.
1306 1335 1383 1374 560

324 1395 482 1441 martyr
501 1388 702 1427 fluentem
721 1387 833 1427 fatur
850 1391 961 1426 inter
979 1390 1247 1440 sanguinem:

273 1443 296 1457 ‘⁴
315 1450 456 1496 grates
475 1444 567 1489 tibi,
586 1457 610 1482 o
629 1442 856 1494 praefecte,
875 1456 1047 1495 magnas
1066 1442 1215 1488 debeo,

273 1499 384 1550 quod
402 1498 535 1536 multa
552 1497 738 1549 pandens
759 1511 830 1535 ora
848 1499 931 1535 iam
950 1496 1160 1535 Christum
1177 1496 1335 1548 loquor.

273 1554 439 1592 artabat
459 1552 585 1604 ampli
604 1554 779 1590 nominis
798 1554 1063 1603 praeconium

272 1613 435 1646 meatus
455 1621 574 1652 unus,
593 1609 712 1658 inpar
732 1606 784 1644 ad
802 1606 946 1644 laudes
967 1605 1060 1644 Dei.
1305 1607 1382 1646 565

323 1665 446 1700 rimas
465 1667 661 1713 patentes
680 1663 839 1699 invenit
858 1674 936 1699 vox
957 1660 1071 1699 edita

272 1717 496 1768 multisque
516 1715 608 1753 fusa
625 1715 795 1753 rictibus
814 1715 953 1753 reddit
971 1728 1090 1753 sonos

271 1771 366 1809 hinc
384 1771 481 1809 inde
500 1771 653 1822 plures,
674 1775 717 1808 et
735 1769 923 1821 profatur
941 1769 1124 1820 undique

273 1826 424 1864 Christi
444 1824 661 1876 Patrisque
680 1827 976 1875 sempiternam
994 1823 1181 1875 gloriam.

271 1886 336 1918 tot
356 1893 451 1918 ecce
469 1879 643 1917 laudant
662 1892 733 1917 ora
752 1884 854 1929 quot
873 1884 970 1916 sunt
988 1876 1200 1916 vulnera.’'
1303 1879 1381 1918 570

324 1934 398 1973 tali
418 1947 628 1985 repressus
647 1936 834 1985 cognitor
852 1935 1085 1971 constantia

272 2002 431 2027 cessare
451 2001 629 2040 poenam
648 1990 863 2039 praecipit,
882 1993 983 2026 tunc
1001 1989 1058 2025 sic
1077 1989 1158 2025 ait:

273 2042 296 2056 “
315 2057 390 2095 per
408 2043 503 2082 solis
522 2045 639 2095 ignes
658 2045 761 2088 iuro,
781 2044 851 2094 qui
870 2047 1030 2080 nostros
1049 2041 1137 2080 dies
