1456 2358
601 145 962 187 PRUDENTIUS

175 254 299 292 docta
318 267 463 291 manus
483 253 631 291 virides
650 252 852 292 imitando
871 252 1065 305 effingere
1084 253 1230 292 dumos

227 309 385 347 luserat
404 321 427 346 e
446 310 572 346 minio
591 307 816 346 russeolam
834 310 1004 346 saniem.
1315 309 1390 348 130

177 376 345 402 cernere
366 369 456 401 erat
474 364 606 414 ruptis
625 362 878 414 conpagibus
897 362 1040 401 ordine
1058 361 1172 401 nullo

229 418 416 455 membra
434 430 509 469 per
526 420 705 456 incertos
724 430 865 468 sparsa
882 419 1017 455 iacere
1037 419 1152 456 situs.

178 472 397 511 addiderat
416 485 529 510 caros
548 484 692 524 gressu
710 471 969 523 lacrimisque
989 477 1227 523 sequentes,

230 527 351 565 devia
370 539 451 578 quo
470 525 649 565 fractum
667 529 817 564 semita
835 532 1040 564 monstrat
1057 529 1150 565 iter.

178 594 364 620 maerore
385 583 553 619 attoniti
573 586 700 631 atque
720 580 846 619 oculis
864 581 1109 619 rimantibus
1126 581 1259 627 ibant,
1316 582 1391 622 135

230 636 530 687 inplebantque
549 638 660 673 sinus
679 636 900 674 visceribus
919 635 1076 674 laceris.

176 691 246 729 ille
267 696 393 742 caput
411 693 578 728 niveum
596 690 871 741 conplectitur
890 703 936 728 ac
955 689 1225 728 reverendam

231 748 427 783 canitiem
445 744 561 783 molli
579 743 772 783 confovet
789 747 832 782 in
851 747 1032 796 gremio3

179 800 244 838 hic
264 813 426 838 umeros
445 805 695 850 truncasque
714 813 860 838 manus
881 805 925 837 et
942 798 1134 838 bracchia
1152 804 1196 838 et
1214 798 1332 838 ulnas

232 861 276 893 et
294 868 433 906 genua
452 859 496 892 et
515 867 679 892 crurum
697 853 901 906 fragmina
920 854 1032 892 nuda
1049 853 1165 906 legit.
1270 853 1273 854 ⁷
1317 853 1394 894 140

179 909 353 960 palliolis
374 912 502 947 etiam
519 908 686 947 bibulae
706 911 910 947 siccantur
928 908 1122 955 harenae,

232 977 285 1002 ne
305 966 395 1015 quis
413 966 457 1001 in
475 962 630 1001 infecto
649 963 818 1015 pulvere
837 977 902 1001 ros
921 969 1103 1002 maneat.

180 1021 214 1056 si
233 1021 323 1069 quis
344 1024 387 1056 et
405 1021 448 1056 in
467 1018 636 1056 sudibus
655 1018 853 1056 recalenti
874 1020 1090 1070 aspergine
1109 1019 1275 1070 sanguis

232 1073 399 1118 insidet,
418 1073 527 1111 hunc
546 1086 713 1111 omnem
731 1075 904 1124 spongia
922 1086 1063 1124 pressa
1080 1075 1201 1124 rapit.
1413 1115 1416 1118 ‚

181 1141 257 1166 nec
276 1130 359 1165 iam
378 1127 507 1166 densa
525 1140 639 1166 sacro
659 1127 886 1178 quidquam
904 1127 957 1165 de
977 1140 1145 1179 corpore
1163 1126 1265 1165 silva
1320 1127 1394 1167 145

233 1183 398 1221 obtinet
417 1188 490 1220 aut
507 1182 639 1233 plenis
659 1181 826 1220 fraudat
845 1182 898 1220 ab
918 1184 1116 1233 exequiis.

182 1250 359 1288 cumque
378 1239 602 1275 recensetis
622 1242 831 1275 constaret
849 1237 1035 1288 partibus
1053 1236 1124 1275 ille

234 1294 412 1343 corporis
430 1294 583 1343 integri
603 1294 674 1342 qui
692 1290 830 1329 fuerat
848 1303 1058 1337 numerus,

182 1359 259 1384 nec
277 1351 456 1398 purgata
475 1346 630 1397 aliquid
649 1346 853 1384 deberent
872 1348 963 1383 avia
981 1351 1072 1384 toto

236 1414 287 1439 ex
306 1401 472 1439 homine
494 1402 666 1438 extersis
686 1399 898 1439 frondibus
918 1406 962 1438 et
981 1399 1171 1451 scopuliS,
1321 1401 1396 1440 150

183 1455 381 1494 metando
401 1455 567 1507 eligitur
585 1454 746 1493 tumulo
764 1454 898 1493 locus:
932 1457 1038 1493 ostia
1055 1455 1263 1506 linquunt,

236 1510 368 1548 Roma
385 1509 538 1561 placet,
557 1515 720 1548 sanctos
740 1522 847 1560 quae
866 1515 1013 1548 teneat
1031 1512 1201 1547 cineres.

183 1564 295 1603 haud
313 1564 455 1616 procul
475 1570 662 1602 extremo
681 1564 794 1602 culta
812 1564 865 1602 ad
883 1566 1068 1615 pomeria
1085 1563 1193 1603 vallo

236 1633 371 1657 mersa
388 1619 605 1657 latebrosis
624 1617 770 1670 crypta
787 1624 909 1670 patet
927 1618 1055 1657 foveis
1070 1631 1079 1656 :

184 1674 304 1712 huius
323 1676 365 1711 in
385 1673 592 1712 occultum
610 1673 805 1725 gradibus
824 1676 890 1711 via
908 1686 1038 1724 prona
1055 1671 1220 1712 reflexis
1323 1673 1397 1714 155

236 1731 295 1766 ire
315 1742 389 1779 per
409 1727 617 1766 anfractus
635 1727 727 1766 luce
745 1727 906 1766 latente
926 1727 1061 1766 docet.

185 1785 336 1834 primas
356 1796 536 1834 namque
556 1781 663 1821 fores
683 1795 843 1820 summo
862 1788 984 1820 tenus
1003 1784 1133 1821 intrat
1150 1781 1268 1821 hiatu

230 1890 246 1906 ‘⁸
269 1887 332 1919 See
347 1890 430 1919 note
447 1898 493 1919 on
508 1887 563 1920 40.

231 1928 244 1949 ²·
268 1930 342 1962 The
355 1930 550 1971 pomerium
565 1940 637 1962 was
654 1929 820 1972 properly
835 1940 857 1962 a
873 1929 942 1962 line
959 1928 1083 1962 within
1099 1928 1162 1962 the
1177 1928 1268 1968 wall,
1285 1927 1400 1962 which

186 1973 333 2006 marked
352 1974 414 2006 the
434 1974 620 2016 boundary
639 1973 763 2006 within
782 1973 895 2006 which
915 1973 1075 2015 auspices
1094 1972 1198 2006 could
1216 1972 1260 2006 be
1278 1972 1400 2006 taken.

186 2017 292 2049 From
310 2017 382 2050 this
399 2017 460 2050 the
478 2028 582 2050 name
599 2028 670 2049 was
688 2017 830 2060 applied
846 2020 885 2050 to
902 2016 964 2050 the
981 2017 1070 2059 strip
1087 2016 1128 2049 of
1140 2016 1225 2049 land
1242 2016 1401 2049 between

185 2060 248 2093 the
265 2060 334 2094 line
352 2061 423 2094 and
440 2061 501 2094 the
518 2061 608 2100 wall,
627 2061 699 2094 and
715 2061 853 2094 further
868 2060 1046 2094 extended
1061 2063 1101 2093 to
1114 2059 1256 2094 include
1273 2070 1295 2093 a
1311 2059 1401 2103 strip

186 2136 260 2174 314
