1456 2358
188 2120 258 2161 170

603 127 964 168 PRUDENTIUS

335 248 444 273 nunc
463 233 705 287 angelorum
723 235 929 286 particeps

282 289 460 328 conlucis
478 291 628 341 insigni
647 288 767 334 stola,

283 357 408 396 quam
427 346 547 382 testis
565 343 826 382 indomabilis

282 401 376 437 rivis
396 400 547 437 cruoris
565 397 737 443 laveras,

335 467 429 491 cum
447 458 492 491 te
512 452 679 491 satelles
697 451 796 491 idoli

283 510 543 560 praecinctus
563 509 662 545 atris
680 506 841 559 legibus

282 562 404 601 litare
423 562 526 600 divis
545 564 734 614 gentium

285 617 393 655 ferro
414 623 458 655 et
476 619 633 655 catenis
652 621 834 668 cogeret.

337 685 384 710 ac
402 671 529 710 verba
546 673 724 722 primum
741 670 882 709 mollia

284 726 498 765 suadendo
516 725 667 764 blande
688 724 905 772 effuderat,

285 786 475 832 captator
494 786 542 818 ut
559 779 735 818 vitulum
753 779 874 831 lupus

284 840 476 887 rapturus
496 834 659 873 adludit
675 836 799 886 prius.

339 889 361 903 “
381 888 497 935 rex,”
516 891 666 941 inquit,
686 887 708 902 ‘⁴
728 889 836 927 orbis
855 890 1074 935 maximus,

287 946 358 996 qui
376 949 541 996 sceptra
558 949 699 995 gestat
718 943 925 989 Romula,l

286 1001 436 1038 servire
456 1001 594 1037 sanxit
612 1000 750 1036 omnia

285 1056 426 1106 priscis
445 1053 618 1092 deorum
636 1052 827 1091 cultibus.

338 1122 423 1154 vos,
443 1108 660 1153 Nazareni‚
680 1107 883 1153 adsistite,

285 1163 516 1214 rudemque
534 1164 661 1200 ritum
680 1163 875 1213 spernite.

285 1217 389 1256 haec
408 1231 522 1262 saxa,
541 1229 648 1268 quae
666 1218 856 1268 princeps
875 1215 987 1262 colit,

285 1271 450 1324 placate
469 1270 583 1310 fumo
603 1277 647 1310 et
665 1269 874 1309 victima.’'

339 1325 546 1364 exclamat
562 1325 628 1364 hic
647 1325 902 1371 Vincentius,

290 1381 438 1420 Levita
456 1380 509 1419 de
527 1380 639 1419 tribu
658 1393 786 1426 sacra,

286 1438 474 1480 minister
493 1434 632 1473 altaris
653 1434 748 1480 Dei,

287 1495 451 1542 septem
470 1502 523 1528 ex
542 1489 740 1528 columnis
758 1488 925 1534 lacteis;

340 1544 364 1558 ‘⁴
383 1545 461 1583 tibi
478 1546 560 1582 ista
576 1545 761 1596 praesint
779 1545 962 1589 numina,

263 1590 265 1592 ,
287 1605 335 1638 tu
354 1611 468 1645 saxa,
486 1604 535 1637 tu
552 1598 711 1650 lignum
729 1597 852 1644 colas,

288 1660 336 1693 tu
354 1659 611 1692 mortuorum
629 1658 815 1691 mortuus

289 1709 361 1747 fias
380 1708 552 1747 deorum
571 1706 773 1759 pontifex.

339 1776 413 1801 nos
431 1762 532 1800 lucis
552 1767 763 1800 auctorem
782 1760 951 1800 Patrem

290 1819 460 1869 eiusque
481 1815 689 1855 Christum
709 1815 871 1862 Filium,

289 1874 360 1923 qui
378 1871 487 1910 solus
507 1884 554 1909 ac
572 1884 692 1909 verus
713 1870 842 1915 Deus,

290 1926 486 1971 Datiane,
505 1924 834 1964 confitebimur.'’

340 1981 406 2019 hic
424 1980 494 2018 ille
513 1982 595 2018 iam
614 1982 869 2025 commotior,

289 2034 313 2049 “
333 2034 530 2082 audesne,
549 2048 632 2075 non
650 2033 793 2081 felix,'’
813 2036 886 2080 ait,

1341 290 1392 330 10

1343 564 1392 604 15

1342 834 1407 874 20—

1345 1109 1395 1148 25
