1456 2358
163 2110 233 2160 136

575 119 936 162 PRUDENTIUS

251 234 427 285 primam
445 230 623 270 recludit
640 228 819 268 creditas

253 288 513 326 aeternitatis
531 288 687 324 ianuas.

305 341 485 386 discede,
506 339 670 379 adulter
689 338 891 390 Iuppiter,

255 402 398 448 stupro
418 397 563 434 sororis
582 393 725 439 oblite,

255 450 443 502 relinque
461 450 637 488 Romam
654 448 841 492 liberam,

256 505 506 558 plebemque
524 506 608 542 iam
627 503 779 542 Christi
797 500 908 554 fuge.

308 565 354 599 te
374 559 524 598 Paulus
542 559 637 597 hinc
657 556 923 601 exterminat,

258 621 303 654 te
321 617 487 667 sanguis
507 613 705 652 exturbat
723 610 851 656 Petri,

259 670 338 708 tibi
354 669 411 715 id,
431 668 543 720 quod
559 670 648 720 ipse
667 678 912 710 armaveras,

259 723 417 763 factum
436 723 608 762 Neronis
626 722 762 760 officit.

311 779 432 818 video
450 777 637 816 futurum
654 777 882 828 principem

262 833 525 885 quandoque,
544 834 615 883 qui
633 843 772 870 servus
793 829 874 868 Dei

261 890 407 927 taetris
426 900 632 926 sacrorum
651 885 837 924 sordibus

262 945 413 982 servire
432 942 606 980 Romam
625 954 708 979 non
726 942 848 984 sinat,

314 1000 385 1049 qui
402 996 561 1048 templa
578 995 745 1034 claudat
762 993 962 1038 vectibus,

261 1052 399 1091 valvas
419 1052 595 1090 eburnas
614 1051 816 1094 obstruat,

262 1106 427 1145 nefasta
444 1106 616 1145 damnet
632 1105 789 1149 limina,

262 1162 419 1200 obdens
439 1174 563 1200 aenos
582 1158 778 1212 pessulos.

314 1222 415 1255 tunc
432 1229 536 1267 pura
555 1215 608 1253 ab
627 1215 738 1253 omni
756 1213 956 1265 sanguine

263 1271 435 1310 tandem
453 1270 649 1309 nitebunt
666 1281 884 1312 marmora,

263 1326 436 1365 stabunt
455 1331 499 1363 et
518 1337 614 1363 aera
631 1324 811 1367 innoxia,

264 1393 371 1432 quae
389 1393 498 1418 nunc
515 1378 724 1417 habentur
740 1374 893 1416 idola.’'

315 1435 381 1473 hic
400 1434 490 1472 finis
509 1433 653 1472 orandi
670 1431 750 1471 fuit

265 1495 309 1529 et
328 1489 418 1527 finis
435 1488 548 1527 idem
566 1487 717 1526 vinculi

264 1544 458 1583 camalis:
494 1545 631 1594 erupit
648 1541 788 1581 volens

264 1612 407 1638 vocem
425 1596 591 1637 secutus
610 1598 788 1648 spiritus.

315 1666 467 1695 vexere
486 1665 632 1704 corpus
651 1650 825 1689 subditis

264 1708 488 1747 cervicibus
508 1706 676 1758 quidam
695 1711 849 1757 patres,

265 1776 366 1814 quos
385 1764 489 1800 mira
505 1761 676 1800 libertas
695 1762 770 1798 viri

265 1818 422 1856 ambire
441 1815 651 1855 Christum
670 1819 868 1853 suaserat.

315 1884 464 1923 repens
482 1869 686 1908 medullas
704 1868 862 1907 indoles

264 1925 439 1966 adflarat
458 1931 502 1964 et
520 1929 715 1977 coegerat

265 1993 404 2020 amore
423 1979 608 2019 sublimis
629 1978 710 2017 Dei

264 2035 399 2075 odisse
418 2047 549 2087 nugas
567 2035 773 2086 pristinas,

1284 333 1361 374 465

1287 608 1364 647 470

1289 881 1366 922 475

1290 1154 1367 1193 480

1292 1427 1368 1468 485

1294 1700 1371 1740 490

1295 1973 1371 2013 495
