1456 2358
652 115 1015 156 PRUDENTIUS

224 225 281 260 sic
300 221 520 260 interfusas
539 221 754 273 intellego,
773 224 939 274 sanguis
957 227 1005 260 ut
1025 234 1077 260 ex
1095 221 1158 260 his
1283 225 1286 228 ’
1359 221 1444 262 ’380

225 279 400 328 accipiat
418 283 662 328 motumque
681 277 815 315 levem
834 282 1109 328 tenerumque
1127 279 1352 328 vaporem,

225 331 335 370 unde
354 334 574 383 pererratis
594 336 766 384 vegetet
784 331 1023 382 praecordia
1041 331 1250 376 membris,

224 384 374 438 frigida
392 386 630 432 succendat,
649 388 758 437 riget
777 386 905 431 arida,
924 385 1027 424 dura
1044 385 1218 424 relaxet.

223 443 280 478 sic
299 440 474 479 hominis
493 443 623 479 vitam
641 441 719 479 sibi
737 446 947 492 temperat
965 446 1093 492 atque
1111 440 1319 492 gubernat

223 495 359 534 vivida
377 509 508 541 mens,
529 509 654 547 quam
673 501 720 533 tu
740 495 836 533 ficto
854 508 1087 546 conponere
1105 500 1288 546 temptas
1364 496 1442 536 385

223 563 434 588 murorum
449 549 465 574 1
483 553 621 602 genio,
641 552 711 601 qui
730 563 934 602 nusquam
953 555 1018 588 est
1036 562 1113 588 nec
1131 548 1212 588 fuit
1230 562 1441 601 umquam.

223 606 323 656 quin
344 610 387 643 et
406 605 641 656 corporibus
661 610 799 643 versat
817 618 934 643 mens
953 606 1044 642 viva
1062 603 1255 656 regendis

222 673 430 698 summum
448 659 676 705 consilium,
696 659 778 697 fida
797 664 844 697 ut
862 658 1050 697 tutacula
1067 658 1188 697 nudis

221 714 492 766 invalidisque
512 720 646 765 paret,
665 714 893 752 metuenda
910 713 1093 765 pericula
1110 715 1231 759 vitet,

221 768 324 807 utile
343 771 579 820 prospiciat,
599 771 729 806 varias
750 771 933 821 agitetur
952 768 1006 806 ad
1024 773 1149 814 artes,
1311 783 1313 785 ·
1364 769 1442 808 390

220 824 428 862 consultet
446 826 513 861 cui
532 836 576 861 se
595 823 761 861 domino
781 823 1002 861 submittat
1022 828 1066 861 et
1084 822 1192 862 orbis

221 891 346 929 quem
364 884 488 929 putet
507 884 733 923 auctorem,
752 891 877 929 quem
895 890 1033 916 rerum
1051 891 1212 916 summa
1229 882 1440 929 sequatur.

222 938 266 971 at
285 938 381 971 tuus
400 932 466 971 hic
485 933 596 971 urbis
615 935 775 985 genius,
795 932 906 970 dicas
925 932 1031 978 volo,
1050 931 1216 983 quando

220 990 358 1038 coepit
378 987 512 1026 adhuc
530 1001 682 1039 parvae
700 989 879 1038 primum
898 1000 942 1025 se
961 985 1180 1025 infundere
1199 986 1385 1025 Romae?

220 1041 341 1080 fluxit
361 1043 412 1080 ab
432 1042 627 1080 uberibus
646 1055 862 1080 nemorosa
879 1044 922 1079 in
941 1041 1047 1079 valle
1065 1041 1215 1092 lupinis
1363 1043 1442 1082 395

220 1096 484 1148 infantesque
504 1096 621 1142 aluit,
640 1096 740 1134 dum
759 1099 940 1134 nascitur
958 1098 1061 1147 ipse,
1080 1095 1307 1148 gemellos?

220 1164 273 1188 an
292 1165 387 1189 cum
405 1151 636 1189 vulturibus
655 1151 830 1189 volitans
850 1153 993 1202 ignota
1011 1163 1086 1202 per
1105 1163 1224 1188 auras

221 1207 367 1244 umbra
385 1208 647 1257 repentinam
666 1208 795 1244 traxit
814 1205 867 1243 de
886 1206 996 1243 nube
1017 1205 1218 1256 figuram?

220 1260 465 1298 culminibus
485 1263 653 1298 summis
674 1259 807 1304 sedet,
827 1273 879 1297 an
898 1259 1130 1310 penetralia
1147 1259 1313 1298 servat?

219 1317 403 1353 instituit
421 1328 555 1353 mores
576 1321 620 1353 et
637 1317 726 1352 iura
745 1313 923 1352 forensia
942 1314 1096 1359 condit,
1337 1323 1348 1334 ⁸
1363 1315 1441 1354 400

222 1383 274 1407 an
294 1375 521 1408 castrorum
541 1372 669 1407 etiam
687 1367 804 1407 fossis
823 1371 1061 1414 intervenit,
1081 1380 1194 1407 acres

221 1426 333 1476 cogit
353 1424 406 1462 ad
425 1437 539 1462 arma
557 1426 676 1469 viros,
695 1423 807 1462 lituis
827 1425 923 1469 ciet,
942 1428 1066 1475 urget
1083 1425 1127 1461 in
1143 1421 1336 1462 hostem?

222 1492 329 1529 quae
350 1481 440 1530 quis
459 1492 542 1517 non
561 1478 701 1517 videat
720 1481 955 1530 sapientum
974 1478 1100 1530 digna
1118 1476 1345 1517 cachinno?

223 1533 425 1586 fingamus
444 1539 586 1572 tamen
607 1546 696 1571 esse
716 1532 910 1584 aliquam,
929 1545 1037 1584 quae
1055 1532 1156 1571 talia
1173 1537 1304 1578 curet,

222 1589 411 1626 umbram
430 1591 515 1626 sive
535 1590 730 1633 animam,
748 1601 823 1639 per
842 1601 967 1639 quam
985 1586 1216 1639 respublica
1233 1586 1368 1626 fatum

270 1664 283 1684 ¹
309 1663 377 1696 The
395 1667 466 1696 true
483 1662 622 1705 reading]
639 1663 671 1696 is
688 1663 762 1696 here
780 1662 913 1696 derived
930 1662 1009 1705 only
1019 1662 1114 1704 from
1130 1662 1258 1695 certain
1275 1662 1385 1697 MSS.
1403 1662 1444 1706 os

222 1708 423 1749 Beryman‘s
438 1707 525 1740 class
540 1708 582 1740 B.
631 1708 702 1740 The
718 1708 827 1740 othere
844 1707 926 1740 have
942 1707 1191 1740 membrorum.

270 1819 286 1835 ⁰
309 1815 419 1847 There
450 1826 509 1847 are
539 1815 575 1847 in
606 1814 705 1847 these
736 1814 822 1846 lines
853 1814 1037 1846 indistincta
1066 1813 1191 1846 echoes
1221 1812 1262 1846 of
1288 1813 1437 1847 medical

223 1858 456 1909 theory—the
474 1858 635 1916 opposite
656 1859 676 1872 “
690 1858 858 1916 elements
869 1858 894 1908 J’
913 1858 1003 1899 (hot,
1022 1857 1111 1896 colel,
1129 1857 1247 1896 moist,
1266 1857 1435 1909 dry).⁸¹3²d

223 1902 284 1935 the
296 1906 492 1945 ammatmg
541 1913 694 1945 pneuma
744 1904 814 1943 (see
827 1901 970 1935 Chfford
981 1901 1133 1940 Anbutt,
1146 1901 1251 1934 Greek
1263 1900 1435 1935 Medtcme

221 1947 476 2023 atssfizaegulus
498 1991 568 2023 and
591 1991 736 2028 Remus,
757 1990 835 2023 who
855 1990 1043 2033 according
1062 1992 1101 2022 to
1117 1989 1180 2023 the
1197 1989 1324 2032 legend
1345 2000 1435 2024 were

224 2034 369 2068 suckled
386 2035 435 2077 by
451 2045 472 2067 a
488 2034 659 2067 she-wolf.

223 2097 271 2146 36
