<?xml version="1.0" encoding="UTF-8"?>
<!DOCTYPE html PUBLIC "-//W3C//DTD XHTML 1.0 Transitional//EN"
    "http://www.w3.org/TR/xhtml1/DTD/xhtml1-transitional.dtd">
<html xmlns="http://www.w3.org/1999/xhtml" xml:lang="en" lang="en">
 <head>
  <title>
</title>
<meta http-equiv="Content-Type" content="text/html;charset=utf-8" />
  <meta name='ocr-system' content='tesseract 3.04.00' />
  <meta name='ocr-capabilities' content='ocr_page ocr_carea ocr_par ocr_line ocrx_word'/>
</head>
<body>
  <div class='ocr_page' id='page_1' title='image "./prudentius00pruduoft/prudentius00pruduoft_0206.png"; bbox 0 0 1456 2358; ppageno 0'>
   <div class='ocr_carea' id='block_1_1' title="bbox 190 2147 260 2184">
    <p class='ocr_par' dir='ltr' id='par_1_1' title="bbox 190 2147 260 2184">
     <span class='ocr_line' id='line_1_1' title="bbox 190 2147 260 2184; baseline -0.029 0"><span class='ocrx_word' id='word_1_1' title='bbox 190 2147 260 2184; x_wconf 89' lang='lat'>194</span> 
     </span>
    </p>
   </div>
   <div class='ocr_carea' id='block_1_2' title="bbox 617 152 980 194">
    <p class='ocr_par' dir='ltr' id='par_1_2' title="bbox 617 152 980 194">
     <span class='ocr_line' id='line_1_2' title="bbox 617 152 980 194; baseline 0.006 -3"><span class='ocrx_word' id='word_1_2' title='bbox 617 152 980 194; x_wconf 87' lang='lat' dir='ltr'>PRUDENTIUS</span> 
     </span>
    </p>
   </div>
   <div class='ocr_carea' id='block_1_3' title="bbox 292 259 1012 1133">
    <p class='ocr_par' dir='ltr' id='par_1_3' title="bbox 293 259 961 463">
     <span class='ocr_line' id='line_1_3' title="bbox 346 259 961 312; baseline 0.003 -15"><span class='ocrx_word' id='word_1_3' title='bbox 346 259 436 298; x_wconf 87' lang='lat' dir='ltr'>ibat</span> <span class='ocrx_word' id='word_1_4' title='bbox 454 259 684 312; x_wconf 87' lang='lat' dir='ltr'>malignum</span> <span class='ocrx_word' id='word_1_5' title='bbox 703 274 961 299; x_wconf 83' lang='lat' dir='ltr'>murmurans</span> 
     </span>
     <span class='ocr_line' id='line_1_4' title="bbox 295 313 780 354; baseline 0.004 -3"><span class='ocrx_word' id='word_1_6' title='bbox 295 313 375 352; x_wconf 93' lang='lat' dir='ltr'>levi</span> <span class='ocrx_word' id='word_1_7' title='bbox 395 313 536 353; x_wconf 89' lang='lat' dir='ltr'>volatu</span> <span class='ocrx_word' id='word_1_8' title='bbox 557 318 780 354; x_wconf 87' lang='lat' dir='ltr'>exterritus</span> 
     </span>
     <span class='ocr_line' id='line_1_5' title="bbox 295 369 912 423; baseline 0.005 -17"><span class='ocrx_word' id='word_1_9' title='bbox 295 369 577 421; x_wconf 84' lang='lat' dir='ltr'>praedamque</span> <span class='ocrx_word' id='word_1_10' title='bbox 596 372 727 408; x_wconf 88' lang='lat' dir='ltr'>visam</span> <span class='ocrx_word' id='word_1_11' title='bbox 745 369 912 423; x_wconf 87' lang='lat' dir='ltr'>fugerat</span> 
     </span>
     <span class='ocr_line' id='line_1_6' title="bbox 293 423 810 463; baseline 0.004 -2"><span class='ocrx_word' id='word_1_12' title='bbox 293 423 475 462; x_wconf 88' lang='lat' dir='ltr'>custodis</span> <span class='ocrx_word' id='word_1_13' title='bbox 493 424 658 463; x_wconf 84' lang='lat' dir='ltr'><strong>inbellis</strong></span> <span class='ocrx_word' id='word_1_14' title='bbox 676 427 810 463; x_wconf 91' lang='lat' dir='ltr'>minis.</span> 
     </span>
    </p>

    <p class='ocr_par' dir='ltr' id='par_1_4' title="bbox 295 479 906 694">
     <span class='ocr_line' id='line_1_7' title="bbox 347 479 780 529; baseline 0.002 -13"><span class='ocrx_word' id='word_1_15' title='bbox 347 480 438 529; x_wconf 91' lang='lat' dir='ltr'>quis</span> <span class='ocrx_word' id='word_1_16' title='bbox 458 479 645 518; x_wconf 85' lang='lat' dir='ltr'>audienti</span> <span class='ocrx_word' id='word_1_17' title='bbox 663 479 780 525; x_wconf 85' lang='lat' dir='ltr'>talia,</span> 
     </span>
     <span class='ocr_line' id='line_1_8' title="bbox 296 532 900 579; baseline 0.003 -9"><span class='ocrx_word' id='word_1_18' title='bbox 296 532 493 579; x_wconf 89' lang='lat' dir='ltr'>Datiane,</span> <span class='ocrx_word' id='word_1_19' title='bbox 512 539 613 571; x_wconf 88' lang='lat' dir='ltr'>tunc</span> <span class='ocrx_word' id='word_1_20' title='bbox 633 547 776 572; x_wconf 87' lang='lat' dir='ltr'>sensus</span> <span class='ocrx_word' id='word_1_21' title='bbox 795 534 900 572; x_wconf 88' lang='lat' dir='ltr'>tibi?</span> 
     </span>
     <span class='ocr_line' id='line_1_9' title="bbox 295 588 906 640; baseline 0.005 -16"><span class='ocrx_word' id='word_1_22' title='bbox 295 590 461 638; x_wconf 81' lang='lat' dir='ltr'>quantis</span> <span class='ocrx_word' id='word_1_23' title='bbox 479 594 723 640; x_wconf 82' lang='lat' dir='ltr'><strong>gementem</strong></span> <span class='ocrx_word' id='word_1_24' title='bbox 741 588 906 640; x_wconf 87' lang='lat' dir='ltr'>spiculis</span> 
     </span>
     <span class='ocr_line' id='line_1_10' title="bbox 295 641 805 694; baseline 0.004 -15"><span class='ocrx_word' id='word_1_25' title='bbox 295 641 452 694; x_wconf 87' lang='lat' dir='ltr'>figebat</span> <span class='ocrx_word' id='word_1_26' title='bbox 472 642 656 681; x_wconf 82' lang='lat' dir='ltr'>occultus</span> <span class='ocrx_word' id='word_1_27' title='bbox 675 643 805 688; x_wconf 88' lang='lat' dir='ltr'>dolor,</span> 
     </span>
    </p>

    <p class='ocr_par' dir='ltr' id='par_1_5' title="bbox 294 700 1012 912">
     <span class='ocr_line' id='line_1_11' title="bbox 346 700 928 750; baseline 0.003 -16"><span class='ocrx_word' id='word_1_28' title='bbox 346 710 440 734; x_wconf 92' lang='lat' dir='ltr'>cum</span> <span class='ocrx_word' id='word_1_29' title='bbox 459 702 503 735; x_wconf 79' lang='lat' dir='ltr'>te</span> <span class='ocrx_word' id='word_1_30' title='bbox 522 700 731 749; x_wconf 85' lang='lat' dir='ltr'><strong>perempti</strong></span> <span class='ocrx_word' id='word_1_31' title='bbox 750 700 928 750; x_wconf 85' lang='lat' dir='ltr'>corporis</span> 
     </span>
     <span class='ocr_line' id='line_1_12' title="bbox 294 753 847 799; baseline 0.004 -11"><span class='ocrx_word' id='word_1_32' title='bbox 294 753 448 789; x_wconf 86' lang='lat' dir='ltr'>virtute</span> <span class='ocrx_word' id='word_1_33' title='bbox 468 754 623 790; x_wconf 87' lang='lat' dir='ltr'>victum</span> <span class='ocrx_word' id='word_1_34' title='bbox 643 765 847 799; x_wconf 89' lang='lat' dir='ltr'>cerneres,</span> 
     </span>
     <span class='ocr_line' id='line_1_13' title="bbox 295 807 770 858; baseline 0.004 -15"><span class='ocrx_word' id='word_1_35' title='bbox 295 808 392 857; x_wconf 88' lang='lat' dir='ltr'>ipsis</span> <span class='ocrx_word' id='word_1_36' title='bbox 413 812 457 844; x_wconf 86' lang='lat' dir='ltr'>et</span> <span class='ocrx_word' id='word_1_37' title='bbox 475 808 594 858; x_wconf 90' lang='lat' dir='ltr'>inpar</span> <span class='ocrx_word' id='word_1_38' title='bbox 613 807 770 845; x_wconf 87' lang='lat' dir='ltr'>ossibus</span> 
     </span>
     <span class='ocr_line' id='line_1_14' title="bbox 294 862 1012 912; baseline 0.003 -14"><span class='ocrx_word' id='word_1_39' title='bbox 294 862 516 912; x_wconf 87' lang='lat' dir='ltr'>vacuisque</span> <span class='ocrx_word' id='word_1_40' title='bbox 535 863 618 900; x_wconf 89' lang='lat' dir='ltr'>iam</span> <span class='ocrx_word' id='word_1_41' title='bbox 637 862 832 900; x_wconf 89' lang='lat' dir='ltr'><strong>membris</strong></span> <span class='ocrx_word' id='word_1_42' title='bbox 851 862 1012 900; x_wconf 89' lang='lat' dir='ltr'>minor?</span> 
     </span>
    </p>

    <p class='ocr_par' dir='ltr' id='par_1_6' title="bbox 292 915 969 1133">
     <span class='ocr_line' id='line_1_15' title="bbox 347 915 969 968; baseline 0.003 -15"><span class='ocrx_word' id='word_1_43' title='bbox 347 915 421 953; x_wconf 91' lang='lat' dir='ltr'>sed</span> <span class='ocrx_word' id='word_1_44' title='bbox 440 918 545 967; x_wconf 89' lang='lat' dir='ltr'>quis,</span> <span class='ocrx_word' id='word_1_45' title='bbox 564 922 742 968; x_wconf 78' lang='lat' dir='ltr'>tyranne</span> <span class='ocrx_word' id='word_1_46' title='bbox 761 919 969 968; x_wconf 81' lang='lat' dir='ltr'>pertinax,</span> 
     </span>
     <span class='ocr_line' id='line_1_16' title="bbox 292 969 893 1023; baseline 0.005 -16"><span class='ocrx_word' id='word_1_47' title='bbox 292 969 403 1008; x_wconf 90' lang='lat' dir='ltr'>hunc</span> <span class='ocrx_word' id='word_1_48' title='bbox 420 972 684 1021; x_wconf 81' lang='lat' dir='ltr'>inpotentem</span> <span class='ocrx_word' id='word_1_49' title='bbox 703 973 893 1023; x_wconf 85' lang='lat' dir='ltr'>spiritum</span> 
     </span>
     <span class='ocr_line' id='line_1_17' title="bbox 294 1025 776 1064; baseline 0.004 -2"><span class='ocrx_word' id='word_1_50' title='bbox 294 1025 592 1063; x_wconf 88' lang='lat' dir='ltr'>determinabit</span> <span class='ocrx_word' id='word_1_51' title='bbox 612 1027 776 1064; x_wconf 85' lang='lat' dir='ltr'>exitus?</span> 
     </span>
     <span class='ocr_line' id='line_1_18' title="bbox 293 1079 927 1133; baseline 0.005 -17"><span class='ocrx_word' id='word_1_52' title='bbox 293 1079 484 1117; x_wconf 88' lang='lat' dir='ltr'>nullusne</span> <span class='ocrx_word' id='word_1_53' title='bbox 503 1085 548 1118; x_wconf 85' lang='lat' dir='ltr'>te</span> <span class='ocrx_word' id='word_1_54' title='bbox 568 1079 735 1133; x_wconf 88' lang='lat' dir='ltr'>franget</span> <span class='ocrx_word' id='word_1_55' title='bbox 753 1080 927 1119; x_wconf 84' lang='lat' dir='ltr'>modus?</span> 
     </span>
    </p>
   </div>
   <div class='ocr_carea' id='block_1_4' title="bbox 347 1133 1072 1186">
    <p class='ocr_par' dir='ltr' id='par_1_7' title="bbox 347 1133 1072 1186">
     <span class='ocr_line' id='line_1_19' title="bbox 347 1133 1072 1186; baseline 0.004 -15"><span class='ocrx_word' id='word_1_56' title='bbox 347 1133 369 1147; x_wconf 91' lang='lat'><strong>“</strong></span> <span class='ocrx_word' id='word_1_57' title='bbox 390 1134 541 1180; x_wconf 87' lang='lat' dir='ltr'>nullus,</span> <span class='ocrx_word' id='word_1_58' title='bbox 560 1148 637 1173; x_wconf 91' lang='lat' dir='ltr'>nec</span> <span class='ocrx_word' id='word_1_59' title='bbox 656 1149 854 1186; x_wconf 88' lang='lat' dir='ltr'>umquam</span> <span class='ocrx_word' id='word_1_60' title='bbox 873 1135 1072 1174; x_wconf 89' lang='lat' dir='ltr'>desinam.</span> 
     </span>
    </p>
   </div>
   <div class='ocr_carea' id='block_1_5' title="bbox 290 1188 958 2115">
    <p class='ocr_par' dir='ltr' id='par_1_8' title="bbox 290 1188 958 2115">
     <span class='ocr_line' id='line_1_20' title="bbox 294 1188 834 1228; baseline 0.004 -2"><span class='ocrx_word' id='word_1_61' title='bbox 294 1202 391 1226; x_wconf 89' lang='lat' dir='ltr'>nam</span> <span class='ocrx_word' id='word_1_62' title='bbox 410 1191 443 1227; x_wconf 91' lang='lat' dir='ltr'>si</span> <span class='ocrx_word' id='word_1_63' title='bbox 462 1188 594 1228; x_wconf 89' lang='lat' dir='ltr'>ferina</span> <span class='ocrx_word' id='word_1_64' title='bbox 612 1192 834 1228; x_wconf 83' lang='lat' dir='ltr'>inmanitas</span> 
     </span>
     <span class='ocr_line' id='line_1_21' title="bbox 292 1244 848 1283; baseline 0.004 -2"><span class='ocrx_word' id='word_1_65' title='bbox 292 1246 543 1282; x_wconf 84' lang='lat' dir='ltr'>mansuescit</span> <span class='ocrx_word' id='word_1_66' title='bbox 564 1250 607 1282; x_wconf 92' lang='lat' dir='ltr'>et</span> <span class='ocrx_word' id='word_1_67' title='bbox 625 1244 848 1283; x_wconf 88' lang='lat' dir='ltr'>clementia</span> 
     </span>
     <span class='ocr_line' id='line_1_22' title="bbox 292 1301 817 1352; baseline 0.006 -17"><span class='ocrx_word' id='word_1_68' title='bbox 292 1311 433 1336; x_wconf 87' lang='lat' dir='ltr'>corvos</span> <span class='ocrx_word' id='word_1_69' title='bbox 452 1312 618 1337; x_wconf 87' lang='lat' dir='ltr'>voraces</span> <span class='ocrx_word' id='word_1_70' title='bbox 637 1301 817 1352; x_wconf 84' lang='lat' dir='ltr'>mitigat,</span> 
     </span>
     <span class='ocr_line' id='line_1_23' title="bbox 343 1353 958 1405; baseline 0.003 -15"><span class='ocrx_word' id='word_1_71' title='bbox 343 1366 531 1405; x_wconf 85' lang='lat' dir='ltr'>mergam</span> <span class='ocrx_word' id='word_1_72' title='bbox 550 1354 726 1392; x_wconf 88' lang='lat' dir='ltr'>cadaver</span> <span class='ocrx_word' id='word_1_73' title='bbox 745 1353 958 1392; x_wconf 88' lang='lat' dir='ltr'>fluctibus:</span> 
     </span>
     <span class='ocr_line' id='line_1_24' title="bbox 291 1407 910 1461; baseline 0.002 -16"><span class='ocrx_word' id='word_1_74' title='bbox 291 1409 436 1445; x_wconf 90' lang='lat' dir='ltr'>insana</span> <span class='ocrx_word' id='word_1_75' title='bbox 454 1421 681 1459; x_wconf 90' lang='lat' dir='ltr'>numquam</span> <span class='ocrx_word' id='word_1_76' title='bbox 701 1407 910 1461; x_wconf 89' lang='lat' dir='ltr'>naufragis</span> 
     </span>
     <span class='ocr_line' id='line_1_25' title="bbox 291 1463 915 1514; baseline 0.003 -15"><span class='ocrx_word' id='word_1_77' title='bbox 291 1464 468 1514; x_wconf 85' lang='lat' dir='ltr'>ignoscit</span> <span class='ocrx_word' id='word_1_78' title='bbox 486 1463 612 1508; x_wconf 88' lang='lat' dir='ltr'>unda,</span> <span class='ocrx_word' id='word_1_79' title='bbox 633 1468 676 1501; x_wconf 89' lang='lat' dir='ltr'>et</span> <span class='ocrx_word' id='word_1_80' title='bbox 696 1476 915 1514; x_wconf 91' lang='lat' dir='ltr'>spumeum</span> 
     </span>
     <span class='ocr_line' id='line_1_26' title="bbox 291 1516 893 1569; baseline 0.003 -15"><span class='ocrx_word' id='word_1_81' title='bbox 291 1519 424 1555; x_wconf 80' lang='lat' dir='ltr'>nescit</span> <span class='ocrx_word' id='word_1_82' title='bbox 442 1516 692 1568; x_wconf 87' lang='lat' dir='ltr'>profundum</span> <span class='ocrx_word' id='word_1_83' title='bbox 711 1530 893 1569; x_wconf 87' lang='lat' dir='ltr'>parcere.</span> 
     </span>
     <span class='ocr_line' id='line_1_27' title="bbox 344 1572 880 1623; baseline 0.002 -14"><span class='ocrx_word' id='word_1_84' title='bbox 344 1577 418 1610; x_wconf 85' lang='lat' dir='ltr'>aut</span> <span class='ocrx_word' id='word_1_85' title='bbox 437 1585 601 1623; x_wconf 89' lang='lat' dir='ltr'>semper</span> <span class='ocrx_word' id='word_1_86' title='bbox 618 1572 700 1610; x_wconf 91' lang='lat' dir='ltr'>illic</span> <span class='ocrx_word' id='word_1_87' title='bbox 718 1572 880 1611; x_wconf 89' lang='lat' dir='ltr'>mobilis</span> 
     </span>
     <span class='ocr_line' id='line_1_28' title="bbox 291 1626 738 1677; baseline 0.004 -14"><span class='ocrx_word' id='word_1_88' title='bbox 291 1628 450 1664; x_wconf 78' lang='lat' dir='ltr'>ineerta</span> <span class='ocrx_word' id='word_1_89' title='bbox 469 1640 543 1677; x_wconf 88' lang='lat' dir='ltr'>per</span> <span class='ocrx_word' id='word_1_90' title='bbox 561 1626 738 1665; x_wconf 89' lang='lat' dir='ltr'>ludibria</span> 
     </span>
     <span class='ocr_line' id='line_1_29' title="bbox 291 1679 768 1732; baseline 0.004 -14"><span class='ocrx_word' id='word_1_91' title='bbox 291 1683 405 1732; x_wconf 88' lang='lat' dir='ltr'>vagis</span> <span class='ocrx_word' id='word_1_92' title='bbox 425 1679 584 1720; x_wconf 85' lang='lat' dir='ltr'>feretur</span> <span class='ocrx_word' id='word_1_93' title='bbox 602 1680 768 1720; x_wconf 85' lang='lat' dir='ltr'>flatibus</span> 
     </span>
     <span class='ocr_line' id='line_1_30' title="bbox 291 1739 899 1789; baseline 0.002 -16"><span class='ocrx_word' id='word_1_94' title='bbox 291 1748 510 1786; x_wconf 87' lang='lat' dir='ltr'>squamosa</span> <span class='ocrx_word' id='word_1_95' title='bbox 528 1749 700 1787; x_wconf 89' lang='lat' dir='ltr'>pascens</span> <span class='ocrx_word' id='word_1_96' title='bbox 720 1739 899 1789; x_wconf 88' lang='lat' dir='ltr'>agmina,</span> 
     </span>
     <span class='ocr_line' id='line_1_31' title="bbox 343 1789 891 1843; baseline 0.002 -15"><span class='ocrx_word' id='word_1_97' title='bbox 343 1795 417 1828; x_wconf 83' lang='lat' dir='ltr'>aut</span> <span class='ocrx_word' id='word_1_98' title='bbox 435 1790 512 1828; x_wconf 89' lang='lat' dir='ltr'>sub</span> <span class='ocrx_word' id='word_1_99' title='bbox 531 1789 703 1843; x_wconf 88' lang='lat' dir='ltr'>fragosis</span> <span class='ocrx_word' id='word_1_100' title='bbox 722 1792 891 1842; x_wconf 87' lang='lat' dir='ltr'>rupibus</span> 
     </span>
     <span class='ocr_line' id='line_1_32' title="bbox 291 1845 848 1896; baseline 0.002 -14"><span class='ocrx_word' id='word_1_101' title='bbox 291 1845 423 1882; x_wconf 91' lang='lat' dir='ltr'>scabri</span> <span class='ocrx_word' id='word_1_102' title='bbox 441 1850 654 1896; x_wconf 85' lang='lat' dir='ltr'>petrarum</span> <span class='ocrx_word' id='word_1_103' title='bbox 673 1848 848 1884; x_wconf 90' lang='lat' dir='ltr'>murices</span> 
     </span>
     <span class='ocr_line' id='line_1_33' title="bbox 290 1901 813 1951; baseline 0.004 -15"><span class='ocrx_word' id='word_1_104' title='bbox 290 1901 400 1937; x_wconf 87' lang='lat' dir='ltr'>inter</span> <span class='ocrx_word' id='word_1_105' title='bbox 418 1912 602 1939; x_wconf 89' lang='lat' dir='ltr'>recessus</span> <span class='ocrx_word' id='word_1_106' title='bbox 621 1913 813 1951; x_wconf 85' lang='lat' dir='ltr'>scrupeos</span> 
     </span>
     <span class='ocr_line' id='line_1_34' title="bbox 290 1953 859 2005; baseline 0.002 -14"><span class='ocrx_word' id='word_1_107' title='bbox 290 1953 458 1992; x_wconf 89' lang='lat' dir='ltr'>discissa</span> <span class='ocrx_word' id='word_1_108' title='bbox 476 1960 672 2005; x_wconf 89' lang='lat' dir='ltr'>rumpent</span> <span class='ocrx_word' id='word_1_109' title='bbox 691 1957 859 1993; x_wconf 89' lang='lat' dir='ltr'>viscera.</span> 
     </span>
     <span class='ocr_line' id='line_1_35' title="bbox 343 2011 869 2059; baseline 0.002 -13"><span class='ocrx_word' id='word_1_110' title='bbox 343 2011 483 2059; x_wconf 90' lang='lat' dir='ltr'>ecquis</span> <span class='ocrx_word' id='word_1_111' title='bbox 502 2011 680 2047; x_wconf 90' lang='lat' dir='ltr'>virorum</span> <span class='ocrx_word' id='word_1_112' title='bbox 700 2015 869 2047; x_wconf 85' lang='lat' dir='ltr'>strenue</span> 
     </span>
     <span class='ocr_line' id='line_1_36' title="bbox 290 2063 834 2115; baseline 0.004 -15"><span class='ocrx_word' id='word_1_113' title='bbox 290 2063 481 2101; x_wconf 91' lang='lat' dir='ltr'>cumbam</span> <span class='ocrx_word' id='word_1_114' title='bbox 501 2065 659 2115; x_wconf 89' lang='lat' dir='ltr'>peritus</span> <span class='ocrx_word' id='word_1_115' title='bbox 678 2063 834 2115; x_wconf 89' lang='lat' dir='ltr'>pellere</span> 
     </span>
    </p>
   </div>
   <div class='ocr_carea' id='block_1_6' title="bbox 1324 427 1409 1883">
    <p class='ocr_par' dir='ltr' id='par_1_9' title="bbox 1324 427 1409 1883">
     <span class='ocr_line' id='line_1_37' title="bbox 1331 427 1409 522; baseline 0 -56"><span class='ocrx_word' id='word_1_116' title='bbox 1331 427 1409 522; x_wconf 56' lang='lat'>429</span> 
     </span>
     <span class='ocr_line' id='line_1_38' title="bbox 1329 700 1406 740; baseline 0.013 -1"><span class='ocrx_word' id='word_1_117' title='bbox 1329 700 1406 740; x_wconf 84' lang='lat'>425</span> 
     </span>
     <span class='ocr_line' id='line_1_39' title="bbox 1328 974 1405 1013; baseline 0.013 -1"><span class='ocrx_word' id='word_1_118' title='bbox 1328 974 1405 1013; x_wconf 89' lang='lat'>430</span> 
     </span>
     <span class='ocr_line' id='line_1_40' title="bbox 1326 1247 1402 1287; baseline 0.026 -2"><span class='ocrx_word' id='word_1_119' title='bbox 1326 1247 1402 1287; x_wconf 84' lang='lat'>435</span> 
     </span>
     <span class='ocr_line' id='line_1_41' title="bbox 1325 1519 1403 1559; baseline 0.013 -1"><span class='ocrx_word' id='word_1_120' title='bbox 1325 1519 1403 1559; x_wconf 91' lang='grc'>440</span> 
     </span>
     <span class='ocr_line' id='line_1_42' title="bbox 1324 1791 1401 1883; baseline 0.013 -52"><span class='ocrx_word' id='word_1_121' title='bbox 1324 1791 1401 1883; x_wconf 86' lang='grc'>445</span> 
     </span>
    </p>
   </div>
   <div class='ocr_carea' id='block_1_7' title="bbox 1325 2065 1402 2105">
    <p class='ocr_par' dir='ltr' id='par_1_10' title="bbox 1325 2065 1402 2105">
     <span class='ocr_line' id='line_1_43' title="bbox 1325 2065 1402 2105; baseline 0.013 -1"><span class='ocrx_word' id='word_1_122' title='bbox 1325 2065 1402 2105; x_wconf 83' lang='grc'>450</span> 
     </span>
    </p>
   </div>
  </div>
 </body>
</html>
