1456 2358
588 136 950 180 PRUDENTIUS

216 241 379 281 addidit
397 243 581 282 ornando
600 243 711 282 clara
728 245 891 284 talenta
909 249 1036 298 operi.

163 315 286 340 mane
306 303 534 341 salutatum
553 307 830 343 concurritur:
864 309 996 345 omnis
1015 306 1162 346 adorat

214 363 358 413 pubis3
393 368 509 408 eunt,
528 363 708 403 redeunt
726 365 821 404 solis
842 366 895 404 ad
913 379 1044 418 usque
1064 367 1238 410 obitum.
1306 370 1381 410 190

162 422 385 474 conglobat
402 425 446 460 in
464 436 644 462 cuneum
664 423 806 463 Latios
825 426 947 464 simul
966 440 1013 465 ac
1030 430 1271 480 peregrinos

213 485 455 533 permixtim
472 483 646 534 populos
665 484 874 537 religionis
894 499 1021 525 amor.

161 541 301 580 oscula
318 545 535 594 perspicuo
555 543 690 596 figunt
707 547 894 596 inpressa
911 546 1097 593 metallo,

213 601 399 640 balsama
418 602 669 649 defundunt,
688 603 855 644 fletibus
874 619 946 644 ora
964 608 1115 659 rigant.

161 664 245 700 iam
263 675 358 700 cum
376 676 420 701 se
439 669 614 702 renovat
632 664 813 704 decursis
832 666 1043 705 mensibus
1062 680 1193 707 annus
1304 670 1378 711 195

213 722 481 774 natalemque
501 723 614 762 diem
631 727 768 776 passio
787 724 897 764 festa
914 726 1058 773 refert,

162 788 320 834 quanta
338 789 461 835 putas
481 784 628 823 studiis
648 786 904 825 certantibus
924 789 1091 839 agmina
1109 791 1214 841 cogi,

214 856 373 894 quaeve
393 843 642 883 celebrando
661 851 760 884 vota
778 848 887 885 coire
907 846 1028 886 Deo?

161 903 258 941 urbs
278 909 457 955 augusta
475 918 569 943 suos
588 908 718 944 vomit
738 905 996 958 effunditque
1016 907 1214 956 Quirites,

213 977 297 1001 una
317 970 360 1002 et
379 967 573 1015 patricios
593 966 819 1005 ambitione
839 969 928 1018 pari
1302 971 1380 1010 200

160 1022 378 1062 confundit
395 1024 562 1075 plebeia
578 1024 761 1076 phalanx
780 1027 1027 1066 umbonibus
1048 1031 1190 1080 aequis

212 1083 432 1122 discrimen
450 1098 668 1135 procerum
686 1089 989 1138 praecipitante
1010 1087 1104 1126 fide.

160 1156 237 1181 nec
255 1146 390 1182 minus
410 1143 582 1183 Albanis
603 1148 710 1184 acies
729 1160 774 1184 se
793 1146 970 1185 candida
987 1150 1117 1199 portis

212 1203 394 1255 explicat
414 1210 458 1243 et
475 1204 608 1257 longis
627 1205 792 1245 ducitur
811 1207 1034 1246 ordinibus.

160 1263 353 1302 exultant
371 1263 562 1303 fremitus
581 1268 786 1304 variarum
804 1266 899 1305 hinc
917 1267 1015 1306 inde
1034 1270 1206 1315 viarum,
1299 1271 1376 1311 205

211 1323 410 1376 indigena
429 1330 474 1362 et
492 1322 638 1364 Picens
656 1326 774 1377 plebs
795 1332 839 1365 et
857 1326 1034 1366 Etrusca
1051 1330 1178 1367 venit.

159 1386 364 1422 concurrit
383 1382 578 1423 Samnitis
598 1391 732 1431 atrox,
750 1385 963 1426 habitator
981 1394 1026 1426 et
1045 1387 1156 1426 altae

212 1442 447 1495 Campanus
468 1444 650 1496 Capuae,
669 1448 835 1497 iamque
856 1446 1039 1486 Nolanus
1059 1447 1191 1487 adest.

159 1506 332 1555 quisque
352 1517 426 1542 sua
444 1504 579 1543 laetus
598 1519 693 1544 eum
711 1509 886 1559 coniuge
905 1507 1094 1546 dulcibus
1113 1514 1158 1547 et
1175 1521 1270 1547 cum

209 1565 449 1616 pigneribus
468 1565 659 1617 rapidum
678 1579 846 1618 carpere
865 1569 995 1619 gestit
1013 1570 1105 1607 iter.
1297 1571 1374 1610 210

157 1625 225 1661 vix
245 1626 414 1675 capiunt
432 1625 566 1676 patuli
583 1626 830 1677 populorum
847 1627 1001 1679 gaudia
1019 1630 1168 1680 campi,

210 1682 358 1723 haeret
378 1691 421 1723 et
439 1688 482 1723 in
500 1688 661 1737 magnis
681 1686 810 1725 densa
826 1686 970 1726 ,cohors
990 1690 1146 1739 spatiis.

158 1750 382 1795 angustum
401 1748 528 1784 tantis
547 1745 650 1784 illud
668 1759 814 1798 specus
834 1760 924 1786 esse
943 1750 1118 1787 catervis

209 1802 321 1842 haud
340 1804 513 1843 dubium
532 1811 611 1851 est,
630 1806 768 1858 ampla
786 1806 906 1846 fauce
923 1806 1023 1846 licet
1039 1814 1200 1859 pateat.

157 1867 244 1901 stat
262 1864 336 1902 sed
354 1867 473 1903 iuxta
493 1864 619 1911 aliud,
640 1867 751 1917 quod
769 1872 890 1906 tanta
908 1866 1146 1919 frequentia
1163 1868 1371 1921 templum

208 1928 308 1961 tunc
328 1924 454 1963 adeat
472 1925 586 1963 cultu
605 1926 743 1965 nobile
762 1926 942 1980 regifico,
1293 1930 1370 1970 216

154 1983 383 2033 parietibus
402 1984 558 2023 celsum
576 1985 817 2025 sublimibus
838 1993 965 2039 atque
984 1988 1163 2040 superba

155 2100 230 2148 318
