<?xml version="1.0" encoding="UTF-8"?>
<!DOCTYPE html PUBLIC "-//W3C//DTD XHTML 1.0 Transitional//EN"
    "http://www.w3.org/TR/xhtml1/DTD/xhtml1-transitional.dtd">
<html xmlns="http://www.w3.org/1999/xhtml" xml:lang="en" lang="en">
 <head>
  <title>
</title>
<meta http-equiv="Content-Type" content="text/html;charset=utf-8" />
  <meta name='ocr-system' content='tesseract 3.04.00' />
  <meta name='ocr-capabilities' content='ocr_page ocr_carea ocr_par ocr_line ocrx_word'/>
</head>
<body>
  <div class='ocr_page' id='page_1' title='image "./prudentius00pruduoft/prudentius00pruduoft_0138.png"; bbox 0 0 1456 2358; ppageno 0'>
   <div class='ocr_carea' id='block_1_1' title="bbox 121 2103 190 2142">
    <p class='ocr_par' dir='ltr' id='par_1_1' title="bbox 121 2103 190 2142">
     <span class='ocr_line' id='line_1_1' title="bbox 121 2103 190 2142; baseline -0.029 0"><span class='ocrx_word' id='word_1_1' title='bbox 121 2103 190 2142; x_wconf 88' lang='lat'><strong>126</strong></span> 
     </span>
    </p>
   </div>
   <div class='ocr_carea' id='block_1_2' title="bbox 534 113 897 156">
    <p class='ocr_par' dir='ltr' id='par_1_2' title="bbox 534 113 897 156">
     <span class='ocr_line' id='line_1_2' title="bbox 534 113 897 156; baseline -0.006 -1"><span class='ocrx_word' id='word_1_2' title='bbox 534 113 897 156; x_wconf 89' lang='lat' dir='ltr'>PRUDENTIUS</span> 
     </span>
    </p>
   </div>
   <div class='ocr_carea' id='block_1_3' title="bbox 213 223 901 2067">
    <p class='ocr_par' dir='ltr' id='par_1_3' title="bbox 213 223 901 2067">
     <span class='ocr_line' id='line_1_3' title="bbox 217 223 750 280; baseline -0.009 -14"><span class='ocrx_word' id='word_1_3' title='bbox 217 240 318 280; x_wconf 93' lang='lat' dir='ltr'><strong>quos</strong></span> <span class='ocrx_word' id='word_1_4' title='bbox 339 239 415 264; x_wconf 90' lang='lat' dir='ltr'><strong>nec</strong></span> <span class='ocrx_word' id='word_1_5' title='bbox 433 224 581 263; x_wconf 84' lang='lat' dir='ltr'><strong>favillis</strong></span> <span class='ocrx_word' id='word_1_6' title='bbox 601 223 750 262; x_wconf 86' lang='lat' dir='ltr'><strong>obruat</strong></span> 
     </span>
     <span class='ocr_line' id='line_1_4' title="bbox 215 277 763 321; baseline -0.011 0"><span class='ocrx_word' id='word_1_7' title='bbox 215 284 334 321; x_wconf 87' lang='lat' dir='ltr'><strong>ruina</strong></span> <span class='ocrx_word' id='word_1_8' title='bbox 353 294 429 319; x_wconf 92' lang='lat' dir='ltr'><strong>nec</strong></span> <span class='ocrx_word' id='word_1_9' title='bbox 447 279 513 318; x_wconf 88' lang='lat' dir='ltr'><strong>fur</strong></span> <span class='ocrx_word' id='word_1_10' title='bbox 531 277 763 317; x_wconf 87' lang='lat' dir='ltr'><strong>subtrahat.</strong></span> 
     </span>
     <span class='ocr_line' id='line_1_5' title="bbox 266 330 899 386; baseline -0.011 -11"><span class='ocrx_word' id='word_1_11' title='bbox 266 349 375 375; x_wconf 92' lang='lat' dir='ltr'><strong>nunc</strong></span> <span class='ocrx_word' id='word_1_12' title='bbox 394 334 503 373; x_wconf 88' lang='lat' dir='ltr'><strong>addo</strong></span> <span class='ocrx_word' id='word_1_13' title='bbox 521 346 707 386; x_wconf 88' lang='lat' dir='ltr'><strong>gemmas</strong></span> <span class='ocrx_word' id='word_1_14' title='bbox 726 330 899 376; x_wconf 91' lang='lat' dir='ltr'><strong>nobiles,</strong></span> 
     </span>
     <span class='ocr_line' id='line_1_6' title="bbox 215 388 899 442; baseline -0.01 -12"><span class='ocrx_word' id='word_1_15' title='bbox 215 405 267 430; x_wconf 93' lang='lat' dir='ltr'><strong>ne</strong></span> <span class='ocrx_word' id='word_1_16' title='bbox 287 402 514 442; x_wconf 85' lang='lat' dir='ltr'>pauperem</span> <span class='ocrx_word' id='word_1_17' title='bbox 533 388 743 427; x_wconf 82' lang='lat' dir='ltr'><strong>Christum</strong></span> <span class='ocrx_word' id='word_1_18' title='bbox 761 390 899 438; x_wconf 91' lang='lat' dir='ltr'><strong>putes,</strong></span> 
     </span>
     <span class='ocr_line' id='line_1_7' title="bbox 213 441 774 499; baseline -0.009 -15"><span class='ocrx_word' id='word_1_19' title='bbox 213 458 401 499; x_wconf 87' lang='lat' dir='ltr'><strong>gemmas</strong></span> <span class='ocrx_word' id='word_1_20' title='bbox 420 445 576 483; x_wconf 87' lang='lat' dir='ltr'>corusci</span> <span class='ocrx_word' id='word_1_21' title='bbox 592 441 774 486; x_wconf 89' lang='lat' dir='ltr'><strong>luminis,</strong></span> 
     </span>
     <span class='ocr_line' id='line_1_8' title="bbox 215 495 884 549; baseline -0.01 -10"><span class='ocrx_word' id='word_1_22' title='bbox 215 506 384 539; x_wconf 86' lang='lat' dir='ltr'><strong>ornatur</strong></span> <span class='ocrx_word' id='word_1_23' title='bbox 401 498 479 537; x_wconf 88' lang='lat' dir='ltr'><strong>hoc</strong></span> <span class='ocrx_word' id='word_1_24' title='bbox 497 496 703 549; x_wconf 87' lang='lat' dir='ltr'><strong>templum</strong></span> <span class='ocrx_word' id='word_1_25' title='bbox 722 495 884 547; x_wconf 86' lang='lat' dir='ltr'><strong>quibus.</strong></span> 
     </span>
     <span class='ocr_line' id='line_1_9' title="bbox 267 552 810 603; baseline -0.011 -10"><span class='ocrx_word' id='word_1_26' title='bbox 267 556 398 593; x_wconf 85' lang='lat' dir='ltr'><strong>cernis</strong></span> <span class='ocrx_word' id='word_1_27' title='bbox 418 558 598 592; x_wconf 85' lang='lat' dir='ltr'><strong>sacratas</strong></span> <span class='ocrx_word' id='word_1_28' title='bbox 617 552 810 603; x_wconf 86' lang='lat' dir='ltr'><strong>virgines,</strong></span> 
     </span>
     <span class='ocr_line' id='line_1_10' title="bbox 215 611 691 648; baseline -0.008 0"><span class='ocrx_word' id='word_1_29' title='bbox 215 611 373 648; x_wconf 88' lang='lat' dir='ltr'><strong>miraris</strong></span> <span class='ocrx_word' id='word_1_30' title='bbox 391 611 570 646; x_wconf 87' lang='lat' dir='ltr'><strong>intactas</strong></span> <span class='ocrx_word' id='word_1_31' title='bbox 590 619 691 644; x_wconf 90' lang='lat' dir='ltr'><strong>anus</strong></span> 
     </span>
     <span class='ocr_line' id='line_1_11' title="bbox 215 661 848 717; baseline -0.011 -14"><span class='ocrx_word' id='word_1_32' title='bbox 215 666 419 717; x_wconf 85' lang='lat' dir='ltr'><strong>primique</strong></span> <span class='ocrx_word' id='word_1_33' title='bbox 438 667 533 714; x_wconf 90' lang='lat' dir='ltr'><strong>post</strong></span> <span class='ocrx_word' id='word_1_34' title='bbox 551 661 749 700; x_wconf 88' lang='lat' dir='ltr'><strong>damnum</strong></span> <span class='ocrx_word' id='word_1_35' title='bbox 768 661 848 697; x_wconf 90' lang='lat' dir='ltr'><strong>tori</strong></span> 
     </span>
     <span class='ocr_line' id='line_1_12' title="bbox 215 716 699 772; baseline -0.012 -14"><span class='ocrx_word' id='word_1_36' title='bbox 215 721 321 772; x_wconf 84' lang='lat' dir='ltr'><strong>ignis</strong></span> <span class='ocrx_word' id='word_1_37' title='bbox 340 716 511 756; x_wconf 91' lang='lat' dir='ltr'><strong>secundi</strong></span> <span class='ocrx_word' id='word_1_38' title='bbox 529 718 699 754; x_wconf 90' lang='lat' dir='ltr'><strong>nescias.</strong></span> 
     </span>
     <span class='ocr_line' id='line_1_13' title="bbox 267 769 830 813; baseline -0.011 -1"><span class='ocrx_word' id='word_1_39' title='bbox 267 773 344 812; x_wconf 93' lang='lat' dir='ltr'><strong>hoc</strong></span> <span class='ocrx_word' id='word_1_40' title='bbox 364 778 428 811; x_wconf 90' lang='lat' dir='ltr'><strong>est</strong></span> <span class='ocrx_word' id='word_1_41' title='bbox 446 770 598 810; x_wconf 92' lang='lat' dir='ltr'><strong>monile</strong></span> <span class='ocrx_word' id='word_1_42' title='bbox 619 769 830 813; x_wconf 84' lang='lat' dir='ltr'><strong>ecclesiae,</strong></span> 
     </span>
     <span class='ocr_line' id='line_1_14' title="bbox 214 826 775 879; baseline -0.011 -12"><span class='ocrx_word' id='word_1_43' title='bbox 214 829 277 867; x_wconf 91' lang='lat' dir='ltr'><strong>his</strong></span> <span class='ocrx_word' id='word_1_44' title='bbox 295 827 366 866; x_wconf 89' lang='lat' dir='ltr'><strong>illa</strong></span> <span class='ocrx_word' id='word_1_45' title='bbox 384 828 558 879; x_wconf 89' lang='lat' dir='ltr'><strong>gemmis</strong></span> <span class='ocrx_word' id='word_1_46' title='bbox 577 826 775 868; x_wconf 83' lang='lat' dir='ltr'><strong>comitur3</strong></span> 
     </span>
     <span class='ocr_line' id='line_1_15' title="bbox 215 878 791 931; baseline -0.012 -9"><span class='ocrx_word' id='word_1_47' title='bbox 215 883 362 922; x_wconf 88' lang='lat' dir='ltr'><strong>dotata</strong></span> <span class='ocrx_word' id='word_1_48' title='bbox 381 884 437 920; x_wconf 91' lang='lat' dir='ltr'><strong>sic</strong></span> <span class='ocrx_word' id='word_1_49' title='bbox 457 880 620 919; x_wconf 89' lang='lat' dir='ltr'><strong>Christo</strong></span> <span class='ocrx_word' id='word_1_50' title='bbox 638 878 791 931; x_wconf 89' lang='lat' dir='ltr'><strong>placet,</strong></span> 
     </span>
     <span class='ocr_line' id='line_1_16' title="bbox 216 935 792 976; baseline -0.01 0"><span class='ocrx_word' id='word_1_51' title='bbox 216 940 273 976; x_wconf 92' lang='lat' dir='ltr'><strong>sic</strong></span> <span class='ocrx_word' id='word_1_52' title='bbox 292 942 412 976; x_wconf 86' lang='lat' dir='ltr'><strong>ornat</strong></span> <span class='ocrx_word' id='word_1_53' title='bbox 431 935 563 974; x_wconf 90' lang='lat' dir='ltr'><strong>altum</strong></span> <span class='ocrx_word' id='word_1_54' title='bbox 581 935 792 973; x_wconf 88' lang='lat' dir='ltr'><strong>verticem.</strong></span> 
     </span>
     <span class='ocr_line' id='line_1_17' title="bbox 268 989 796 1039; baseline -0.011 -9"><span class='ocrx_word' id='word_1_55' title='bbox 268 1005 410 1030; x_wconf 90' lang='lat' dir='ltr'><strong>eccum</strong></span> <span class='ocrx_word' id='word_1_56' title='bbox 428 989 604 1034; x_wconf 91' lang='lat' dir='ltr'><strong>talenta,</strong></span> <span class='ocrx_word' id='word_1_57' title='bbox 623 989 796 1039; x_wconf 89' lang='lat' dir='ltr'><strong>suscipe.</strong></span> 
     </span>
     <span class='ocr_line' id='line_1_18' title="bbox 216 1042 797 1087; baseline -0.012 -2"><span class='ocrx_word' id='word_1_58' title='bbox 216 1047 379 1085; x_wconf 89' lang='lat' dir='ltr'><strong>ornabis</strong></span> <span class='ocrx_word' id='word_1_59' title='bbox 398 1045 545 1083; x_wconf 90' lang='lat' dir='ltr'><strong>urbem</strong></span> <span class='ocrx_word' id='word_1_60' title='bbox 563 1042 797 1087; x_wconf 86' lang='lat' dir='ltr'><strong>Romulam,</strong></span> 
     </span>
     <span class='ocr_line' id='line_1_19' title="bbox 216 1099 766 1150; baseline -0.011 -10"><span class='ocrx_word' id='word_1_61' title='bbox 216 1101 368 1140; x_wconf 82' lang='lat' dir='ltr'><strong>ditabis</strong></span> <span class='ocrx_word' id='word_1_62' title='bbox 389 1105 434 1138; x_wconf 88' lang='lat' dir='ltr'><strong>et</strong></span> <span class='ocrx_word' id='word_1_63' title='bbox 451 1112 540 1137; x_wconf 91' lang='lat' dir='ltr'><strong>rem</strong></span> <span class='ocrx_word' id='word_1_64' title='bbox 558 1099 766 1150; x_wconf 91' lang='lat' dir='ltr'><strong>principis,</strong></span> 
     </span>
     <span class='ocr_line' id='line_1_20' title="bbox 218 1150 646 1206; baseline -0.014 -11"><span class='ocrx_word' id='word_1_65' title='bbox 218 1156 290 1195; x_wconf 90' lang='lat' dir='ltr'><strong>fies</strong></span> <span class='ocrx_word' id='word_1_66' title='bbox 311 1161 355 1194; x_wconf 90' lang='lat' dir='ltr'><strong>et</strong></span> <span class='ocrx_word' id='word_1_67' title='bbox 372 1157 460 1206; x_wconf 92' lang='lat' dir='ltr'><strong>ipse</strong></span> <span class='ocrx_word' id='word_1_68' title='bbox 480 1150 646 1192; x_wconf 87' lang='lat' dir='ltr'><strong>ditior.”</strong></span> 
     </span>
     <span class='ocr_line' id='line_1_21' title="bbox 216 1203 901 1254; baseline -0.01 -5"><span class='ocrx_word' id='word_1_69' title='bbox 216 1210 238 1224; x_wconf 82' lang='lat'><strong>‘⁴</strong></span> <span class='ocrx_word' id='word_1_70' title='bbox 258 1206 483 1254; x_wconf 89' lang='lat' dir='ltr'><strong>ridemur,’&#39;</strong></span> <span class='ocrx_word' id='word_1_71' title='bbox 503 1206 710 1246; x_wconf 78' lang='lat' dir='ltr'>exclamat</span> <span class='ocrx_word' id='word_1_72' title='bbox 728 1204 867 1243; x_wconf 89' lang='lat' dir='ltr'><strong>furens</strong></span> <span class='ocrx_word' id='word_1_73' title='bbox 883 1203 901 1228; x_wconf 83' lang='lat'>1</span> 
     </span>
     <span class='ocr_line' id='line_1_22' title="bbox 215 1259 855 1317; baseline -0.009 -14"><span class='ocrx_word' id='word_1_74' title='bbox 215 1264 467 1317; x_wconf 81' lang='lat' dir='ltr'>praefectus,</span> <span class='ocrx_word' id='word_1_75' title='bbox 486 1261 509 1276; x_wconf 93' lang='lat'><strong>“</strong></span> <span class='ocrx_word' id='word_1_76' title='bbox 530 1268 574 1300; x_wconf 88' lang='lat' dir='ltr'><strong>et</strong></span> <span class='ocrx_word' id='word_1_77' title='bbox 591 1263 704 1300; x_wconf 89' lang='lat' dir='ltr'><strong>miris</strong></span> <span class='ocrx_word' id='word_1_78' title='bbox 723 1259 855 1298; x_wconf 90' lang='lat' dir='ltr'><strong>modis</strong></span> 
     </span>
     <span class='ocr_line' id='line_1_23' title="bbox 215 1316 765 1372; baseline -0.011 -14"><span class='ocrx_word' id='word_1_79' title='bbox 215 1333 290 1372; x_wconf 88' lang='lat' dir='ltr'><strong>per</strong></span> <span class='ocrx_word' id='word_1_80' title='bbox 307 1324 373 1358; x_wconf 86' lang='lat' dir='ltr'><strong>tot</strong></span> <span class='ocrx_word' id='word_1_81' title='bbox 393 1317 543 1370; x_wconf 88' lang='lat' dir='ltr'><strong>figuras</strong></span> <span class='ocrx_word' id='word_1_82' title='bbox 561 1316 765 1354; x_wconf 83' lang='lat' dir='ltr'><strong>ludimur:</strong></span> 
     </span>
     <span class='ocr_line' id='line_1_24' title="bbox 218 1370 754 1421; baseline -0.013 -8"><span class='ocrx_word' id='word_1_83' title='bbox 218 1380 262 1413; x_wconf 88' lang='lat' dir='ltr'><strong>et</strong></span> <span class='ocrx_word' id='word_1_84' title='bbox 280 1375 382 1412; x_wconf 91' lang='lat' dir='ltr'><strong>vivit</strong></span> <span class='ocrx_word' id='word_1_85' title='bbox 399 1375 590 1411; x_wconf 88' lang='lat' dir='ltr'><strong>insanum</strong></span> <span class='ocrx_word' id='word_1_86' title='bbox 609 1370 754 1421; x_wconf 83' lang='lat' dir='ltr'><strong>caput!</strong></span> 
     </span>
     <span class='ocr_line' id='line_1_25' title="bbox 268 1422 797 1480; baseline -0.011 -13"><span class='ocrx_word' id='word_1_87' title='bbox 268 1431 424 1480; x_wconf 88' lang='lat' dir='ltr'><strong>inpune</strong></span> <span class='ocrx_word' id='word_1_88' title='bbox 443 1431 597 1471; x_wconf 85' lang='lat' dir='ltr'><strong>tantas,</strong></span> <span class='ocrx_word' id='word_1_89' title='bbox 616 1422 797 1469; x_wconf 82' lang='lat' dir='ltr'><strong>furcifer,</strong></span> 
     </span>
     <span class='ocr_line' id='line_1_26' title="bbox 217 1480 753 1538; baseline -0.011 -16"><span class='ocrx_word' id='word_1_90' title='bbox 217 1482 405 1538; x_wconf 83' lang='lat' dir='ltr'><strong>strophas</strong></span> <span class='ocrx_word' id='word_1_91' title='bbox 425 1480 571 1519; x_wconf 88' lang='lat' dir='ltr'><strong>cavillo</strong></span> <span class='ocrx_word' id='word_1_92' title='bbox 589 1481 753 1518; x_wconf 91' lang='lat' dir='ltr'><strong>mimico</strong></span> 
     </span>
     <span class='ocr_line' id='line_1_27' title="bbox 218 1536 720 1578; baseline -0.01 -2"><span class='ocrx_word' id='word_1_93' title='bbox 218 1544 262 1576; x_wconf 92' lang='lat' dir='ltr'><strong>te</strong></span> <span class='ocrx_word' id='word_1_94' title='bbox 281 1538 474 1576; x_wconf 85' lang='lat' dir='ltr'><strong>nexuisse</strong></span> <span class='ocrx_word' id='word_1_95' title='bbox 494 1536 720 1578; x_wconf 77' lang='lat' dir='ltr'><strong>existimas,</strong></span> 
     </span>
     <span class='ocr_line' id='line_1_28' title="bbox 217 1586 849 1631; baseline -0.011 0"><span class='ocrx_word' id='word_1_96' title='bbox 217 1592 318 1631; x_wconf 91' lang='lat' dir='ltr'><strong>dum</strong></span> <span class='ocrx_word' id='word_1_97' title='bbox 337 1604 476 1630; x_wconf 85' lang='lat' dir='ltr'><strong>scurra</strong></span> <span class='ocrx_word' id='word_1_98' title='bbox 493 1589 619 1628; x_wconf 91' lang='lat' dir='ltr'><strong>saltas</strong></span> <span class='ocrx_word' id='word_1_99' title='bbox 637 1586 849 1626; x_wconf 88' lang='lat' dir='ltr'><strong>fabulam?</strong></span> 
     </span>
     <span class='ocr_line' id='line_1_29' title="bbox 270 1643 803 1686; baseline -0.013 0"><span class='ocrx_word' id='word_1_100' title='bbox 270 1648 469 1686; x_wconf 89' lang='lat' dir='ltr'><strong>concinna</strong></span> <span class='ocrx_word' id='word_1_101' title='bbox 486 1646 573 1683; x_wconf 90' lang='lat' dir='ltr'><strong>visa</strong></span> <span class='ocrx_word' id='word_1_102' title='bbox 591 1643 803 1681; x_wconf 87' lang='lat' dir='ltr'><strong>urbanitas</strong></span> 
     </span>
     <span class='ocr_line' id='line_1_30' title="bbox 217 1696 791 1741; baseline -0.01 -1"><span class='ocrx_word' id='word_1_103' title='bbox 217 1707 398 1741; x_wconf 84' lang='lat' dir='ltr'><strong>tractare</strong></span> <span class='ocrx_word' id='word_1_104' title='bbox 417 1704 580 1738; x_wconf 87' lang='lat' dir='ltr'><strong>nosmet</strong></span> <span class='ocrx_word' id='word_1_105' title='bbox 597 1696 791 1736; x_wconf 88' lang='lat' dir='ltr'><strong>ludicris?</strong></span> 
     </span>
     <span class='ocr_line' id='line_1_31' title="bbox 221 1751 797 1808; baseline -0.01 -13"><span class='ocrx_word' id='word_1_106' title='bbox 221 1769 329 1808; x_wconf 86' lang='lat' dir='ltr'><strong>egon</strong></span> <span class='ocrx_word' id='word_1_107' title='bbox 344 1755 361 1779; x_wconf 82' lang='lat'><strong>²</strong></span> <span class='ocrx_word' id='word_1_108' title='bbox 379 1754 586 1793; x_wconf 85' lang='lat' dir='ltr'><strong>cachinnis</strong></span> <span class='ocrx_word' id='word_1_109' title='bbox 605 1751 797 1790; x_wconf 89' lang='lat' dir='ltr'><strong>venditus</strong></span> 
     </span>
     <span class='ocr_line' id='line_1_32' title="bbox 220 1805 704 1849; baseline -0.01 0"><span class='ocrx_word' id='word_1_110' title='bbox 220 1823 383 1849; x_wconf 83' lang='lat' dir='ltr'><strong>acroma</strong></span> <span class='ocrx_word' id='word_1_111' title='bbox 401 1807 596 1847; x_wconf 88' lang='lat' dir='ltr'><strong>festivum</strong></span> <span class='ocrx_word' id='word_1_112' title='bbox 615 1805 704 1845; x_wconf 88' lang='lat' dir='ltr'><strong>fui?</strong></span> 
     </span>
     <span class='ocr_line' id='line_1_33' title="bbox 272 1862 818 1906; baseline -0.011 -3"><span class='ocrx_word' id='word_1_113' title='bbox 272 1865 431 1903; x_wconf 85' lang='lat' dir='ltr'><strong>adeone</strong></span> <span class='ocrx_word' id='word_1_114' title='bbox 450 1862 564 1900; x_wconf 88' lang='lat' dir='ltr'><strong>nulla</strong></span> <span class='ocrx_word' id='word_1_115' title='bbox 584 1862 818 1906; x_wconf 86' lang='lat' dir='ltr'><strong>austeritas,</strong></span> 
     </span>
     <span class='ocr_line' id='line_1_34' title="bbox 220 1914 832 1958; baseline -0.01 0"><span class='ocrx_word' id='word_1_116' title='bbox 220 1932 393 1958; x_wconf 86' lang='lat' dir='ltr'><strong>censura</strong></span> <span class='ocrx_word' id='word_1_117' title='bbox 411 1917 525 1956; x_wconf 90' lang='lat' dir='ltr'><strong>nulla</strong></span> <span class='ocrx_word' id='word_1_118' title='bbox 544 1922 609 1955; x_wconf 90' lang='lat' dir='ltr'><strong>est</strong></span> <span class='ocrx_word' id='word_1_119' title='bbox 627 1914 832 1954; x_wconf 87' lang='lat' dir='ltr'><strong>fascibus?</strong></span> 
     </span>
     <span class='ocr_line' id='line_1_35' title="bbox 223 1969 787 2021; baseline -0.011 -9"><span class='ocrx_word' id='word_1_120' title='bbox 223 1974 356 2012; x_wconf 85' lang='lat' dir='ltr'><strong>adeon</strong></span> <span class='ocrx_word' id='word_1_121' title='bbox 375 1984 560 2011; x_wconf 90' lang='lat' dir='ltr'><strong>securem</strong></span> <span class='ocrx_word' id='word_1_122' title='bbox 579 1969 787 2021; x_wconf 88' lang='lat' dir='ltr'><strong>publicam</strong></span> 
     </span>
     <span class='ocr_line' id='line_1_36' title="bbox 220 2024 727 2067; baseline -0.012 0"><span class='ocrx_word' id='word_1_123' title='bbox 220 2027 355 2067; x_wconf 91' lang='lat' dir='ltr'><strong>mollis</strong></span> <span class='ocrx_word' id='word_1_124' title='bbox 372 2026 533 2065; x_wconf 87' lang='lat' dir='ltr'><strong>retudit</strong></span> <span class='ocrx_word' id='word_1_125' title='bbox 549 2024 727 2063; x_wconf 81' lang='lat' dir='ltr'><strong>lenitas?</strong></span> 
     </span>
    </p>
   </div>
   <div class='ocr_carea' id='block_1_4' title="bbox 1245 219 1322 260">
    <p class='ocr_par' dir='ltr' id='par_1_4' title="bbox 1245 219 1322 260">
     <span class='ocr_line' id='line_1_37' title="bbox 1245 219 1322 260; baseline 0.013 -1"><span class='ocrx_word' id='word_1_126' title='bbox 1245 219 1322 260; x_wconf 85' lang='lat'><strong>295</strong></span> 
     </span>
    </p>
   </div>
   <div class='ocr_carea' id='block_1_5' title="bbox 1247 493 1324 532">
    <p class='ocr_par' dir='ltr' id='par_1_5' title="bbox 1247 493 1324 532">
     <span class='ocr_line' id='line_1_38' title="bbox 1247 493 1324 532; baseline 0 0"><span class='ocrx_word' id='word_1_127' title='bbox 1247 493 1324 532; x_wconf 91' lang='grc'><strong>300</strong></span> 
     </span>
    </p>
   </div>
   <div class='ocr_carea' id='block_1_6' title="bbox 1246 766 1323 806">
    <p class='ocr_par' dir='ltr' id='par_1_6' title="bbox 1246 766 1323 806">
     <span class='ocr_line' id='line_1_39' title="bbox 1246 766 1323 806; baseline 0 0"><span class='ocrx_word' id='word_1_128' title='bbox 1246 766 1323 806; x_wconf 88' lang='lat'><strong>305</strong></span> 
     </span>
    </p>
   </div>
   <div class='ocr_carea' id='block_1_7' title="bbox 1247 1040 1325 1078">
    <p class='ocr_par' dir='ltr' id='par_1_7' title="bbox 1247 1040 1325 1078">
     <span class='ocr_line' id='line_1_40' title="bbox 1247 1040 1325 1078; baseline -0.013 0"><span class='ocrx_word' id='word_1_129' title='bbox 1247 1040 1325 1078; x_wconf 87' lang='lat'><strong>310</strong></span> 
     </span>
    </p>
   </div>
   <div class='ocr_carea' id='block_1_8' title="bbox 1249 1313 1326 1352">
    <p class='ocr_par' dir='ltr' id='par_1_8' title="bbox 1249 1313 1326 1352">
     <span class='ocr_line' id='line_1_41' title="bbox 1249 1313 1326 1352; baseline 0.013 -1"><span class='ocrx_word' id='word_1_130' title='bbox 1249 1313 1326 1352; x_wconf 85' lang='lat'><strong>315</strong></span> 
     </span>
    </p>
   </div>
   <div class='ocr_carea' id='block_1_9' title="bbox 1249 1584 1327 1624">
    <p class='ocr_par' dir='ltr' id='par_1_9' title="bbox 1249 1584 1327 1624">
     <span class='ocr_line' id='line_1_42' title="bbox 1249 1584 1327 1624; baseline 0 0"><span class='ocrx_word' id='word_1_131' title='bbox 1249 1584 1327 1624; x_wconf 84' lang='lat'><strong>320</strong></span> 
     </span>
    </p>
   </div>
   <div class='ocr_carea' id='block_1_10' title="bbox 1250 1857 1328 1897">
    <p class='ocr_par' dir='ltr' id='par_1_10' title="bbox 1250 1857 1328 1897">
     <span class='ocr_line' id='line_1_43' title="bbox 1250 1857 1328 1897; baseline 0 0"><span class='ocrx_word' id='word_1_132' title='bbox 1250 1857 1328 1897; x_wconf 85' lang='lat'><strong>325</strong></span> 
     </span>
    </p>
   </div>
  </div>
 </body>
</html>
