1456 2358
601 120 964 160 PRUDENTIUS

433 227 537 266 haec
555 227 752 266 miracula
769 229 899 266 ceteri

434 287 620 321 vectores
639 282 778 333 pavidi
796 287 981 333 stupent,

434 336 542 375 solus
562 351 644 375 non
663 336 849 388 trepidus
869 335 1016 375 Petrus

435 394 621 443 agnoscit
641 391 867 429 Dominum
884 391 969 442 poli

434 451 654 497 terraeque
675 451 719 484 et
737 448 859 483 maris
877 447 990 491 invii,

435 503 549 539 cuius
569 502 896 552 omnipotentiae
916 505 980 538 est

435 555 587 606 plantis
607 568 787 606 aequora
805 554 994 594 subdere.

435 609 572 648 tendit
591 609 830 661 suppliciter
848 622 1008 655 manus,

435 670 581 702 notum
600 664 828 702 subsidium
846 669 978 716 rogat.

435 724 500 757 ast
518 719 588 757 ille
607 718 767 770 placide
787 718 972 757 adnuens

434 776 563 825 puppi
583 780 629 812 ut
648 773 813 812 desiliat
831 774 960 811 iubet.

436 831 552 866 iussis
573 829 815 879 obsequitur
834 826 995 873 Petrus,

436 883 508 921 sed
530 885 703 934 vestigia
722 881 913 921 fluctibus

436 940 604 975 summis
624 940 786 989 tingere
806 942 1000 988 coeperat

437 998 481 1030 et
499 992 688 1043 lapsante
707 991 839 1044 gradu
859 991 986 1043 pedes

435 1060 602 1098 pessum
621 1059 809 1098 mergere
828 1046 1015 1084 lubricos.
1063 1058 1066 1060 ·

436 1101 655 1139 mortalem
675 1101 789 1139 Deus
808 1103 995 1152 increpat

437 1156 547 1207 quod
566 1158 620 1194 sit
639 1169 721 1194 non
740 1155 880 1194 stabili
899 1155 979 1193 fide

436 1224 513 1248 nee
531 1210 688 1248 calcare
708 1209 880 1248 fluentia

436 1278 512 1303 nee
532 1264 741 1303 Christum
761 1264 897 1303 valeat
915 1267 1045 1316 sequi.

436 1325 527 1358 tum
546 1319 695 1358 dextra
713 1318 915 1357 famulum
933 1319 1044 1366 levat

437 1376 628 1426 sistitque
648 1380 693 1413 et
711 1374 834 1413 docet
852 1374 1013 1426 ingredi

436 1434 602 1481 tergum
621 1442 696 1480 per
714 1428 921 1467 tumidum
939 1427 1048 1466 freti.

489 1486 545 1523 sic
565 1497 631 1522 me
650 1489 745 1522 tuta
763 1483 927 1522 silentia

438 1552 650 1590 egressum
669 1538 803 1577 dubiis
822 1538 973 1589 loquax

436 1592 562 1631 infert
581 1593 722 1645 lingua
740 1593 945 1644 periculis,

436 1661 532 1693 non,
553 1653 599 1686 ut
618 1647 863 1699 discipulum
883 1645 1067 1692 Petrum,

438 1702 638 1740 fidentem
657 1708 701 1741 et
720 1704 868 1740 merito
889 1707 932 1740 et
952 1701 1046 1746 fide,

436 1756 510 1795 sed
529 1770 655 1808 quem
673 1756 794 1808 culpa
813 1755 1006 1807 frequens
1025 1755 1160 1794 levem

436 1811 574 1849 volvat
592 1824 666 1862 per
685 1810 793 1850 freta
812 1809 1070 1862 naufragum.

436 1879 527 1904 sum
547 1865 669 1917 plane
688 1868 946 1911 temerarius,

437 1923 506 1972 qui
527 1923 657 1959 noctis
677 1920 777 1958 mihi
795 1922 978 1958 conscius

436 1988 561 2026 quam
582 1977 691 2013 vitae
710 1977 751 2013 in
772 1975 954 2013 tenebris
974 1987 1067 2026 ago,

435 2043 619 2082 puppem
638 2029 806 2068 credere
826 2028 1017 2067 fluctibus

1340 446 1392 485 25

1341 719 1393 758 30

1317 992 1394 1038 ⁷35,

1342 1264 1394 1303 40

1344 1537 1395 1578 45

1341 1810 1393 1850 50
