1456 2358
193 2126 266 2174 338

617 147 979 188 PRUDENTIUS

748 266 846 304 XIV

621 352 764 392 PAssm
791 354 976 393 AGNE'ns

295 430 436 469 AGNEs
456 431 690 483 sepulcrum
709 437 774 470 est
793 431 994 470 Romulea
1011 434 1055 470 in
1074 431 1211 478 domo,

295 484 412 524 fortis
431 486 610 538 puellae,
629 489 822 539 martyris
839 486 1034 539 inclytae.

296 546 522 592 conspectu
539 543 583 579 in
601 543 690 592 ipso
710 541 877 580 condita
896 544 1072 580 turrium

296 601 435 634 servat
453 595 633 634 salutem
651 598 766 648 virgo
785 595 1024 644 Quiritium,

296 663 374 688 nec
393 664 476 688 non
496 656 540 688 et
558 653 667 701 ipsos
686 653 872 703 protegit
890 650 1071 689 advenas

295 718 399 755 puro
420 718 466 742 ac
486 704 599 743 fideli
616 711 786 757 pectore
805 705 1023 756 supplices.

296 759 451 810 duplex
471 773 621 798 corona
641 765 705 798 est
723 762 926 811 praestita
944 761 1140 812 martyri:

296 816 502 852 intactum
521 815 574 852 ab
593 817 705 852 omni
724 817 893 853 crimine
913 814 1100 867 virginal,

296 871 440 907 mortis
460 869 611 907 deinde
630 869 761 921 gloria
779 869 948 908 liberae.

350 925 467 962 aiunt
485 923 613 975 iugali
632 926 699 961 vix
719 923 900 962 habilem
919 930 1010 962 toro

295 980 437 1030 primis
456 981 499 1016 in
519 981 635 1016 annis
655 977 762 1017 forte
782 978 1008 1030 puellulam

297 1032 461 1071 Christo
481 1033 688 1071 calentem
707 1032 871 1071 fortiter
889 1036 1010 1084 inpiis

296 1090 414 1125 iussis
434 1090 626 1133 re'nisam,
647 1101 728 1139 quo
747 1090 881 1126 minus
901 1088 1019 1126 idolis

297 1142 465 1180 addicta
484 1155 642 1180 sacram
661 1143 874 1181 desereret
893 1142 1032 1181 fidem.

296 1202 508 1248 temptata
526 1197 667 1235 multis
687 1211 784 1235 nam
802 1200 913 1248 prius
934 1198 1106 1243 artibus,

296 1265 405 1289 nunc
425 1265 494 1289 ore
514 1251 656 1289 blandi
674 1252 818 1290 iudicis
837 1251 973 1298 inlice,

297 1319 406 1343 nunc
425 1309 646 1344 saevientis
667 1306 864 1345 carnificis
885 1309 1019 1352 minis,

297 1361 438 1399 stabat
457 1360 584 1399 feroci
602 1361 748 1399 robore
767 1364 960 1413 pertinax

297 1428 530 1466 corpusque
549 1415 661 1453 duris
682 1417 985 1454 excruciatibus

298 1469 407 1507 ultro
426 1468 628 1508 offerebat
647 1484 730 1508 non
748 1484 926 1508 renuens
945 1473 1062 1509 mori.

297 1529 389 1562 tum
407 1530 504 1563 trux
524 1530 749 1576 tyrannus:
784 1524 806 1537 “
826 1528 860 1563 si
879 1524 998 1563 facile
1019 1523 1126 1572 est‚”
1146 1527 1219 1571 ait,

298 1577 321 1591 “
341 1592 519 1630 poenam
539 1580 719 1617 subactis
739 1579 847 1618 ferre
866 1579 1074 1618 doloribus

299 1639 343 1672 et
362 1636 448 1672 vita
466 1633 556 1671 vilis
576 1637 797 1685 spernitur,
817 1640 861 1672 at
879 1634 1012 1686 pudor

297 1701 414 1726 carus
434 1688 597 1726 dicatae
618 1691 865 1740 virginitatis
886 1695 961 1727 est.

298 1741 404 1780 hanc
422 1745 465 1780 in
483 1743 657 1794 lupanar
676 1743 844 1782 trudere
863 1744 1074 1794 publicum

298 1803 459 1835 certum
479 1803 556 1843 est,
576 1797 629 1835 ad
649 1811 762 1835 aram
781 1801 823 1836 ni
841 1804 967 1849 caput
987 1798 1168 1849 applicat

299 1865 346 1889 ac
365 1852 418 1889 de
440 1851 630 1890 Minerva
649 1855 731 1890 iam
750 1855 913 1891 veniam
932 1859 1065 1904 rogat,

299 1919 423 1956 quam
443 1909 557 1958 virgo
575 1910 714 1958 pergit
732 1913 920 1945 temnere
940 1910 1153 1959 virginem.

299 1964 429 1998 omnis
448 1964 640 1999 iuventus
660 1964 798 2000 inruet
818 1968 862 2000 et
880 1976 1032 2000 novum

299 2014 567 2054 ludibriorum
586 2019 835 2067 mancipium
854 2015 1016 2068 petet-⁰

297 2067 321 2082 ‘⁴
340 2068 494 2115 haud,’'
513 2073 648 2122 inquit
667 2071 823 2123 Agnes,
841 2074 1082 2109 “inmemor
1101 2077 1164 2110 est
1183 2074 1242 2110 ita

1362 925 1409 964 10

1361 1199 1410 1238 15

1359 1472 1410 1510 20

1358 1745 1407 1784 25

1355 2018 1407 2057 30
