1456 2358
625 144 986 186 PRUDENTIUS

251 252 356 290 fictis
375 257 521 291 notare
540 253 667 291 verba
686 256 811 306 signis
830 252 1034 292 inbuens.'

197 324 206 340 ‘
227 317 395 364 ducite,’
415 319 660 365 conclamat,
681 318 688 332 ‘
709 322 918 371 captivum
937 319 1092 365 ducite,
1113 324 1157 357 et
1175 318 1283 357 ultro

249 384 428 422 donetur
446 387 543 436 ipsis
563 386 803 424 verberator
820 385 1012 437 parvulis.

197 455 245 488 ut
262 450 368 489 libet
385 450 592 496 inludant,
609 451 796 490 lacerent
813 453 968 503 inpune
987 463 1217 502 manusque

247 519 444 568 tinguant
462 519 649 568 magistri
669 516 838 556 feriatas
857 519 1071 569 sanguine.

194 581 338 620 ludum
357 582 566 634 discipulis
585 583 734 635 volupe
755 589 820 622 est
838 588 886 622 ut
904 583 1106 635 praebeat
1123 585 1212 634 ipse

246 648 390 687 doctor
409 661 574 687 severus
595 662 696 701 quos
715 651 835 687 nimis
854 647 1064 687 coercuit.’

195 716 370 752 vincitur
388 720 483 766 post
502 720 623 767 terga
641 728 787 753 manus
806 715 1005 766 spoliatus
1025 717 1193 761 amictu,

246 780 365 818 adest
385 783 515 818 acutis
535 794 687 832 agmen
707 786 913 819 armatum
932 781 1049 819 stilis.

193 852 396 897 quantum
417 849 590 898 quisque
610 847 695 886 odii
713 850 843 886 tacita
861 851 1109 898 conceperat
1126 849 1201 892 ira,

244 911 420 951 effundit
439 913 586 950 ardens
607 912 705 952 felle
724 913 897 952 tandem
914 913 1057 951 libero.

190 980 398 1016 coniciunt
418 978 487 1016 alii
506 977 672 1030 fragiles
691 981 817 1031 inque
837 992 908 1017 ora
926 978 1103 1017 tabellas

242 1043 454 1097 frangunt,
474 1044 596 1083 relisa
614 1044 751 1084 fronte
770 1045 930 1097 lignum
948 1044 1110 1091 dissilit,

188 1110 301 1148 buxa
319 1116 493 1162 crepant
511 1117 653 1150 cerata
670 1114 789 1164 genis
807 1113 976 1162 inpacta
994 1113 1175 1149 cruentis

239 1177 447 1228 rubetque
467 1177 520 1215 ab
538 1179 625 1215 ictu
644 1183 763 1216 curta
782 1182 827 1216 et
844 1190 991 1215 umens
1009 1179 1175 1229 pagina.

187 1242 284 1280 inde
304 1242 374 1280 alii
393 1242 580 1282 stimulos
601 1248 644 1282 et
664 1245 854 1281 acumina
871 1241 1007 1282 ferrea
1025 1237 1203 1288 vibrant,

240 1322 322 1360 qua
340 1314 460 1361 parte
481 1311 605 1347 aratis
625 1322 720 1347 cera
739 1309 860 1347 sulcis
880 1309 1085 1355 scribitur,

188 1380 232 1413 et
251 1387 334 1426 qua
352 1377 456 1413 secti
475 1377 612 1427 apices
633 1375 852 1414 abolentur
871 1380 916 1413 et
935 1376 1124 1427 aequoris
1141 1372 1240 1413 hirti

238 1454 376 1479 rursus
396 1443 604 1479 nitescens
623 1443 844 1480 innovatur
863 1454 972 1479 area.

186 1506 282 1544 hinc
300 1505 457 1545 foditur
476 1506 629 1545 Christi
648 1506 855 1545 confessor
875 1511 919 1544 et
936 1506 1034 1545 inde
1053 1511 1239 1551 secatur3

238 1586 331 1624 pars
351 1575 482 1611 viscus
501 1575 631 1611 intrat
650 1573 790 1619 molle,
808 1585 902 1624 pars
922 1572 1072 1611 scindit
1090 1577 1243 1611 cutem.

186 1641 324 1676 omnia
342 1639 530 1677 membra
548 1652 695 1677 manus
714 1641 870 1691 pariter
890 1638 1017 1676 fixere
1036 1638 1258 1684 ducentae,

235 1705 498 1756 totidemque
516 1710 666 1757 guttae
685 1704 902 1743 vulnerum
920 1704 1081 1743 stillant
1099 1703 1234 1742 simul.

184 1773 314 1809 maior
332 1776 465 1809 tortor
484 1775 574 1809 erat
594 1773 666 1822 qui
684 1783 846 1809 summa
863 1775 1101 1822 pupugerat
1118 1768 1268 1816 infans,

237 1849 363 1888 quam
382 1839 453 1888 qui
470 1835 677 1888 profunda
695 1835 928 1888 perforarat
946 1838 1124 1881 viscera3

182 1901 268 1948 ille,
287 1902 388 1940 levis
408 1904 603 1954 quoniam
621 1915 836 1954 percussor
854 1907 988 1940 morte
1007 1906 1163 1954 negata

236 1971 393 2006 saevire
413 1968 507 2006 solis
527 1971 603 2006 scit
622 1968 810 2007 dolorum
830 1967 1008 2019 spiculis,

183 2033 263 2079 hic,
284 2040 441 2085 quanto
460 2036 632 2072 interius
652 2034 794 2073 vitalia
813 2032 980 2072 condita
998 2032 1150 2085 pulsat,

185 2130 258 2165 224

1358 849 1409 888 45

1353 1508 1404 1547 55

1351 1837 1402 1875 60
