1456 2358
600 163 963 206 PRUDENTIUS

170 283 299 322 seque
319 276 446 322 caput
464 270 604 323 gladio
624 271 886 317 submittere,
907 274 1152 324 sanguinem
1172 272 1334 320 dicare3

171 338 241 387 qui
258 338 412 375 sociare
430 339 611 375 animam
628 336 791 375 Christo
809 337 925 384 velit,
941 343 990 376 ut
1006 351 1143 377 comes
1160 345 1371 391 sequatur.

169 401 231 440 his
251 403 322 441 ubi
341 402 466 440 corda
484 405 617 440 virum
637 402 801 441 Christo
820 402 1022 442 calefacta
1040 407 1316 456 praeparavit,

168 467 333 515 ducitur
351 473 449 506 ante
469 468 570 507 alios
587 468 830 520 proconsule
848 468 1091 520 perfurente
1109 473 1283 510 vinctus.
1335 474 1387 514 50

169 536 288 569 antra
307 531 442 570 latent
460 531 609 584 Tyriae
630 531 891 584 Carthaginis
911 532 1063 572 abditis
1083 539 1264 585 reposta,

167 597 328 632 conscia
346 600 556 633 tartareae
575 595 774 647 caliginis,
793 595 987 634 abdicata
1003 595 1092 635 soli.

166 656 326 696 clausus
346 660 389 695 in
408 657 470 696 his
490 659 694 709 specubus
714 664 880 697 sanctus
901 658 1130 711 Cyprianus
1150 665 1195 699 et
1213 666 1364 700 catena

166 733 297 759 nexus
327 727 547 772 utramque
577 735 747 760 manum
778 735 931 760 nomen
960 720 1094 761 Patris
1126 725 1292 763 invocat
1321 738 1387 763 su-

269 787 424 835 premi:

167 845 189 859 “
209 849 470 899 omnipotens
484 850 649 900 genitor
662 847 814 887 Christi
829 848 944 887 Deus
959 855 1003 888 et
1016 854 1177 888 creator
1189 850 1312 897 orbis,
1332 852 1383 893 55

165 909 327 949 Christe
345 923 494 962 parens
512 911 703 957 hominis,
721 924 847 963 quem
864 911 1001 964 diligis
1020 917 1065 951 et
1082 918 1199 951 vetas
1216 916 1366 965 perire,

162 972 232 1011 ille
253 986 344 1026 ego,
364 976 538 1025 vipereis
559 987 684 1026 quem
702 980 750 1013 tu
768 975 899 1013 bonus
918 975 1095 1014 oblitum
1113 979 1299 1023 venenis,

163 1037 398 1075 criminibus
418 1039 538 1075 variis
557 1040 750 1083 tinctum,
769 1040 987 1076 miseratus
1007 1038 1173 1077 abluisti

162 1089 328 1150 iamque
347 1105 444 1138 tuus
465 1100 552 1138 fieri
571 1100 758 1146 mandas,
778 1100 831 1139 fio
851 1101 1081 1153 Cyprianus
1100 1101 1208 1140 alter

163 1167 207 1199 et
220 1175 348 1200 novus
364 1175 415 1200 ex
429 1166 561 1201 veteri
575 1177 651 1201 nec
664 1166 747 1202 iam
760 1177 854 1202 reus
868 1170 943 1202 aut
956 1177 1122 1210 nocenS,
1135 1170 1184 1203 ut
1197 1170 1308 1204 ante.
1330 1168 1380 1206 60

161 1226 194 1262 si
213 1224 375 1263 luteum
394 1225 507 1264 facili
525 1225 773 1265 charismate
793 1233 939 1278 pectus
961 1229 1152 1279 expiasti,

160 1290 244 1326 vise
263 1288 395 1327 libens
415 1290 598 1328 tenebris
619 1290 830 1342 ergastula
849 1303 972 1329 caeca
990 1290 1213 1342 dissipatis,

160 1353 273 1402 eripe
292 1365 487 1403 corporeo
506 1353 559 1391 de
578 1366 741 1392 carcere
761 1353 1015 1405 vinculisque
1034 1354 1179 1393 mundi

158 1413 263 1453 hanc
283 1418 477 1462 animam,
496 1416 620 1455 liceat
639 1415 730 1455 fuso
749 1417 828 1455 tibi
846 1419 1049 1469 sanguine
1067 1417 1271 1464 inmolari,

157 1490 211 1516 ne
231 1491 313 1529 qua
331 1478 467 1517 ferum
485 1482 685 1531 reprimat
703 1479 926 1519 clementia
943 1480 1138 1527 iudicem,
1157 1483 1323 1533 tyranni

157 1554 239 1579 neu
258 1544 361 1580 sciat
378 1542 533 1581 invidia
551 1545 784 1589 mitescere,
803 1543 978 1596 gloriam
997 1556 1164 1596 negare.
1324 1547 1373 1586 66

156 1604 210 1642 da
238 1617 403 1656 quoque
430 1619 483 1644 ne
511 1609 601 1658 quis
627 1609 737 1645 iners
764 1608 818 1645 sit
851 1606 904 1644 de
936 1619 1065 1659 grege
1103 1620 1229 1659 quem
1255 1613 1379 1647 tuum·

259 1669 472 1720 regebam,

156 1744 207 1768 ne
226 1731 350 1770 cadat
366 1734 574 1783 inpatiens
593 1746 753 1785 poenae
772 1733 981 1772 titubetve
999 1735 1090 1785 quis
1108 1739 1290 1780 tuorum,

153 1794 402 1833 incolumem
437 1802 485 1834 ut
520 1809 739 1834 numerum
774 1796 948 1835 reddam
983 1797 1061 1835 tibi
1096 1796 1370 1849 debitumque

257 1857 455 1896 solvam.”

153 1921 319 1959 vocibus
338 1921 400 1960 his
423 1921 648 1961 Dominum
667 1929 952 1974 permoverat3
985 1921 1187 1961 influebat
1204 1923 1302 1962 inde
1318 1923 1369 1964 70

150 2076 179 2107 Τ
195 2036 211 2052 ⁰
234 2031 280 2065 So
306 2033 417 2066 called
443 2033 592 2066 because
615 2034 645 2067 it
671 2045 742 2067 was
766 2034 925 2068 founded
948 2034 998 2078 by
1022 2034 1254 2068 Phoenicians
1277 2034 1370 2069 from

180 2086 253 2117 yre.

149 2143 221 2182 332
