1456 2358
161 2114 232 2162 178

591 135 952 177 PRUDENTIUS

324 242 387 281 his
406 249 550 282 contra
570 243 736 281 Levites
755 242 905 281 refert:

273 296 295 310 “
315 300 349 336 si
366 300 449 336 iam
468 304 635 336 tuorum
652 299 848 350 perspicis

270 351 469 404 languere
488 355 686 391 virtutem
705 365 867 397 canum,

272 419 349 458 age
369 409 471 458 ipse,
490 409 620 445 maior
638 406 835 452 carnifex,

323 461 496 499 ostende
517 475 599 513 quo
617 467 740 512 pacto
760 466 916 512 queant

269 517 372 554 imos
391 529 574 554 recessus
593 516 793 561 scindere,

271 583 417 608 manus
437 576 482 609 et
499 573 587 622 ipse
605 573 806 609 intersere

271 627 460 676 rivosque
480 624 688 663 ferventes
706 625 815 663 bibe.

325 692 449 725 erras,
468 685 653 725 cruente,
673 682 706 717 si
724 692 862 717 meam

269 739 313 771 te
333 747 424 772 rere
442 747 620 785 poenam
639 747 802 772 sumere

269 801 363 826 cum
381 789 568 827 membra
586 790 710 827 morti
728 789 907 827 obnoxia

268 842 521 891 dilancinata
538 843 745 882 interficis.

322 903 386 936 est
405 897 524 943 alter,
545 903 609 936 est
626 899 885 943 intrinsecus,

269 951 420 990 violare
441 965 564 1003 quem
583 952 718 990 nullus
737 957 890 1003 potest,

268 1006 387 1052 liber,
406 1009 586 1057 quietus,
603 1009 781 1059 integer,

269 1074 408 1099 exsors
427 1060 614 1099 dolorum
633 1063 825 1100 tristium.

321 1114 412 1161 hoc,
431 1115 542 1167 quod
560 1115 720 1154 laboras
738 1115 913 1167 perdere

267 1172 396 1208 tantis
415 1169 560 1208 furoris
579 1170 744 1216 viribus,

267 1237 338 1263 vas
359 1229 422 1262 est
440 1225 622 1263 solutum
641 1238 688 1263 ac
707 1225 845 1271 fictile,

267 1292 527 1331 quocumque
546 1278 822 1332 frangendum
840 1279 976 1318 modo.

319 1335 419 1385 quin
436 1336 562 1371 immo
581 1347 689 1372 nunc
709 1336 867 1372 enitere

265 1387 383 1425 illum
402 1401 540 1426 secare
561 1401 607 1427 ac
625 1387 807 1439 plectere

267 1444 338 1493 qui
356 1448 516 1494 perstat
534 1445 659 1488 intus,
679 1445 750 1494 qui
767 1448 885 1482 tuam

268 1496 414 1542 calcat,
433 1502 624 1549 tyranne,
642 1499 855 1536 insaniam.

319 1550 442 1597 hunc,
460 1551 569 1589 hunc
587 1551 756 1598 lacesse,
774 1551 883 1590 hunc
901 1552 1075 1599 discute,

264 1607 476 1651 invictum,
495 1606 882 1658 inexsuperabilem,

265 1659 386 1698 nullis
404 1660 592 1712 procellis
611 1661 835 1707 subditum,

265 1714 423 1766 solique
442 1715 674 1753 subiectum
694 1714 828 1754 Deo.”

315 1768 419 1807 haec
438 1767 549 1808 fatur
569 1776 612 1808 et
630 1769 900 1809 stridentibus

265 1822 444 1861 laniatur
461 1827 575 1862 uncis
594 1824 743 1863 denuo.

264 1880 329 1915 cui
347 1883 514 1929 praetor
532 1891 602 1917 ore
621 1878 793 1917 subdolo

265 1935 444 1983 anguina
462 1934 589 1971 verba
607 1933 820 1971 exsibilat:

316 1986 339 1999 “
358 1989 392 2025 si
410 1992 530 2025 tanta
548 1987 697 2026 callum
715 1990 892 2039 pectoris

262 2040 486 2092 praedurat
505 2042 728 2081 obstinatio

1303 243 1377 284 145

1301 518 1376 557 150

1302 791 1375 830 155

1227 1090 1229 1092 v
1300 1064 1374 1103 160

1245 1392 1256 1395 μ
1297 1327 1371 1376 165

1296 1610 1370 1649 170

1295 1883 1369 1923 175
