1456 2358
185 2106 254 2144 13²

611 113 973 154 PRUDENTIUS

343 225 564 272 postquam
583 234 709 272 vapor
727 221 911 260 diutinus

292 274 459 314 decoxit
478 281 672 314 exustum
690 275 814 322 latus,

291 328 400 367 ultro
420 342 442 367 e
462 335 623 368 catasta
640 330 820 369 iudicem

291 383 499 435 conpellat
519 383 664 423 adfatu
682 385 818 424 brevi:

344 436 367 452 “
387 445 581 478 converte
600 445 763 491 partem
781 442 959 492 corporis

293 494 393 531 satis
411 499 639 532 crematam
657 496 823 546 iugiter,

293 553 337 586 et
355 546 421 585 fac
439 548 652 599 periclum,
673 549 773 600 quid
791 555 887 588 tuus

292 601 498 641 Vulcanus
518 603 666 642 ardens
686 602 862 655 egerit.”

344 656 579 707 praefectus
597 660 748 696 inverti
765 659 895 697 iubet.

291 715 392 749 tunc
409 711 501 750 ille:
536 711 559 725 “
579 718 742 751 coctum
762 718 840 759 est,
859 713 1025 760 devora,

295 771 339 804 et
359 768 692 817 experimentum
711 780 813 819 cape

292 822 345 858 sit
363 821 536 859 crudum
556 835 608 860 an
628 835 764 861 assum
783 820 989 861 suavius.”

344 874 446 914 haec
464 875 716 916 ludibundus
735 876 913 923 dixerat,

292 928 452 968 caelum
471 930 623 969 deinde
642 933 825 983 suspicit,

294 990 338 1023 et
357 997 675 1037 congemescens
695 986 884 1024 obsecrat

291 1040 510 1078 miseratus
529 1040 675 1078 urbem
694 1040 912 1079 Romulam
927 1054 936 1080 :

345 1093 367 1107 ‘⁶
387 1107 411 1131 o
430 1093 607 1140 Christe,
627 1108 778 1133 nomen
794 1095 811 1119 1
830 1098 1010 1141 unicum,

292 1161 316 1186 o
335 1148 542 1200 splendor,
561 1163 586 1188 o
604 1152 733 1188 virtus
752 1148 900 1196 Patris,

291 1216 316 1240 o
334 1202 467 1242 factor
485 1204 593 1242 orbis
613 1210 657 1243 et
675 1204 774 1255 poli,

293 1262 419 1308 atque
439 1263 582 1297 auctor
601 1258 747 1298 horum
765 1261 990 1305 moenium,

344 1314 415 1363 qui
433 1318 597 1364 sceptra
616 1313 771 1352 Romae
790 1316 833 1352 in
852 1316 1006 1352 vertice

291 1380 429 1405 rerum
447 1366 605 1413 locasti,
624 1370 810 1406 sanciens

290 1421 492 1459 mundum
512 1421 714 1470 Quirinali
731 1428 857 1475 togae

291 1478 443 1514 servire
463 1482 507 1515 et
527 1479 648 1515 armis
668 1477 830 1523 cedere,

344 1536 391 1569 ut
409 1531 718 1582 discrepantum
736 1534 927 1584 gentium

292 1598 427 1623 mores
448 1591 491 1624 et
510 1586 814 1625 observantiam

290 1639 535 1691 linguasque
556 1646 599 1679 et
617 1643 785 1693 ingenia
804 1647 848 1680 et
866 1654 981 1679 sacra

291 1696 381 1732 unis
401 1694 589 1733 domares
609 1695 785 1748 legibus,

343 1761 395 1787 en
414 1763 536 1788 omne
555 1750 632 1788 sub
651 1763 827 1802 regnum
846 1750 966 1788 Remi

291 1803 465 1842 mortale
485 1806 686 1843 concessit
704 1817 851 1856 genus,

289 1857 401 1896 idem
419 1857 646 1910 loquuntur
663 1859 817 1897 dissoni

290 1914 406 1958 ritus,
425 1912 468 1950 id
486 1915 620 1964 ipsum
640 1915 839 1952 sentiunt.

339 1965 416 2004 hoc
435 1967 690 2006 destinatum
709 1981 791 2019 quo
809 1971 940 2021 magis

289 2023 351 2059 ius
371 2020 592 2060 Christiani
611 2024 799 2069 nominis,

1322 659 1400 701 405

1322 932 1400 974 410

1322 1205 1399 1247 415

1323 1479 1400 1519 420

1322 1751 1399 1792 425

1321 2024 1399 2064 430
