1456 2358
652 143 1014 185 PRUDENTIUS
1449 116 1456 149 ³

226 251 415 297 tendere,
472 251 582 303 quod
637 250 833 303 gradibus
889 264 991 303 quos
1047 263 1220 303 vespera
1272 231 1456 301 texerat}

330 307 477 344 umbra
1388 307 1456 348 95”

226 361 380 399 lumine
398 360 573 412 perfusis
592 360 733 399 docuit
750 360 810 399 sol
828 373 967 399 versus
985 362 1028 399 in
1046 365 1195 399 ortum.

375 507 505 546 XXV.
537 506 709 545 MAmu:
737 506 930 545 ANGELUS
957 506 1145 545 Gmmm,
1172 505 1394 546 Min-rma
1443 512 1453 555 j

277 578 547 617 Adventante
566 578 659 616 Deo
677 578 893 616 descendit
909 580 1079 616 nuntius
1097 577 1182 616 alto

226 633 395 672 Gabriel
411 631 545 671 Patris
564 646 616 671 ex
633 633 733 671 solio
750 633 976 684 sedemque
993 638 1168 684 repente

223 690 353 727 intrat
371 690 611 740 virgineam.
667 686 690 700 ‘⁴
710 686 884 726 Sanctus
903 693 947 725 te
966 685 1183 739 Spiritus,”
1201 688 1352 739 inquit,
1387 687 1456 728 99⁴

224 742 247 755 ‘⁴
266 742 457 794 inplebit,
478 741 628 788 Maria,
648 741 857 780 Christum
875 744 1024 793 paries,
1043 755 1158 780 sacra
1175 739 1332 794 virgo.”

541 888 694 927 XXVI.
725 888 890 927 C1vrrAs
918 887 1118 926 Buram-:M

275 959 427 1052 Sapcta
466 959 658 998 Bethlem
698 965 824 1011 caput
864 965 928 998 est
967 959 1076 998 orbis
1116 971 1224 1011 quae
1262 942 1438 1011 protulit
1454 1006 1456 1010 Ι

222 1070 330 1108 orbis
349 1029 608 1121 gssilrffiipium,
627 1074 753 1120 caput
771 1071 906 1120 ipsum
923 1070 1227 1120 principiorum.

222 1125 317 1162 urbs
336 1124 547 1162 hominem
565 1123 774 1162 Christum
792 1125 952 1175 genuit,
971 1125 1043 1174 qui
1060 1122 1246 1161 Christus
1265 1122 1420 1175 agebat

222 1184 320 1217 ante
341 1179 456 1217 Deus
476 1192 601 1230 quam
619 1178 679 1216 sol
698 1178 832 1224 fieret,
851 1191 976 1229 quam
993 1176 1138 1216 lucifer
1156 1183 1279 1216 esset.

507 1323 683 1363 XXVII.
716 1323 934 1363 MAoomm
964 1323 1152 1363 Monam

274 1396 353 1434 Hie
372 1399 554 1448 pretiosa
575 1394 692 1448 Magi
712 1395 788 1434 sub
808 1397 974 1448 virginis
993 1395 1122 1434 ubere
1141 1393 1304 1433 Christo
1362 1395 1436 1436 105
1454 1406 1456 1434 ξ

220 1451 331 1490 dona
348 1450 490 1489 ferunt
507 1464 636 1502 puero
654 1449 930 1502 myrrhaeque
950 1455 994 1488 et
1012 1452 1114 1488 turis
1134 1455 1178 1488 et
1196 1451 1296 1487 auri.
1454 1459 1456 1462 ’

220 1509 394 1544 miratur
411 1507 603 1557 genetrix
620 1510 686 1543 tot
704 1507 807 1543 casti
825 1506 978 1543 ventris
996 1503 1186 1550 honores,

221 1574 349 1612 seque
391 1560 531 1598 Deum
569 1562 762 1612 genuisse
802 1559 1028 1604 hominem,
1068 1558 1229 1611 Regem
1268 1570 1436 1610 quoque

326 1628 545 1653 summum.

352 1755 550 1794 XXVIII.
579 1768 630 1793 AB
658 1755 838 1793 ANossms
867 1752 1072 1792 PAsromzs
1099 1765 1304 1792 Anuom’rt

274 1825 497 1879 Pervigiles
515 1832 729 1878 pastorum
748 1825 885 1864 oculos
904 1827 963 1864 vis
980 1824 1145 1864 luminis
1162 1824 1296 1877 inplet
1451 1862 1456 1881 -.=

221 1882 396 1934 angelici
416 1887 562 1920 natum
581 1881 792 1919 celebrans
812 1880 865 1919 de
885 1882 1041 1932 virgine
1062 1878 1283 1918 Christum.
1359 1879 1435 1921 110
1448 1896 1456 1922 »ζ

400 2016 415 2032 ⁰
439 2011 477 2045 II
493 2012 608 2055 Kings
624 2022 684 2045 xx.
989 2010 1002 2030 ¹³
1026 2010 1124 2043 Luke
1138 2010 1161 2043 i.

401 2061 413 2076 ⁶
437 2056 491 2098 Cf.
506 2055 679 2089 Matthew
693 2055 729 2094 ii,
745 2054 778 2088 6.
988 2054 1004 2074 ‘¹
1027 2054 1199 2087 Matthew
1214 2053 1251 2087 ii.

1447 1997 1456 2040 l

220 2121 294 2170 358
1441 2061 1456 2240 ’Ξ

1438 2240 1456 2358 ³⁴
