1456 2358
550 124 911 171 PRUDENTIUS

280 232 391 284 quod
409 234 582 285 quisque
601 232 775 285 supplex
794 232 992 284 postulat,
1257 236 1334 276 565

228 285 311 325 fert
328 289 584 338 inpetratum
603 299 820 339 prospere;

227 347 416 393 poscunt,
435 342 655 388 iocantur‚1
674 342 872 388 indicant,

229 401 273 434 et
291 398 419 435 tristis
437 395 550 434 haud
568 396 675 435 ullus
692 397 816 442 redit,

280 464 357 489 ceu
374 456 541 503 praesto
560 464 724 503 semper
742 451 875 490 adsies

227 510 405 556 tuosque
424 505 610 544 alumnos
629 506 789 544 urbicos
1257 509 1334 548 570

227 559 410 598 lactante
429 560 653 612 conplexus
672 563 763 598 sinu

227 620 402 666 paterno
422 628 560 653 amore
579 617 749 654 nutrias,

278 668 352 707 hos
370 671 493 715 inter,
512 683 537 708 o
556 668 708 708 Christi
726 669 867 716 decus,

228 724 325 762 audi
343 729 512 775 poetam
529 726 728 763 rusticum

227 778 359 817 cordis
377 777 583 817 fatentem
602 781 772 817 crimina
1255 781 1332 821 575

228 839 272 872 et
290 832 401 871 facta
419 833 665 884 prodentem
684 847 769 871 sua.

279 888 486 939 indignus,
506 901 682 940 agnosco
702 893 746 926 et
764 890 860 933 scio,

228 955 352 994 quem
371 942 556 981 Christus
574 945 663 994 ipse
683 943 895 988 exaudiat,

227 997 301 1035 sed
319 1010 393 1048 per
410 1002 605 1048 patronos
624 1002 827 1049 martyras

227 1057 366 1103 potest
384 1051 608 1090 medellam
626 1054 834 1103 consequi.
1256 1054 1334 1094 580

279 1106 376 1144 audi
394 1106 597 1158 benignus
616 1106 844 1158 supplicem

227 1160 379 1200 Christi
396 1174 515 1199 reum
534 1159 821 1206 Prudentium‚

228 1221 271 1254 et
290 1217 540 1254 servientem
558 1217 716 1267 corpori

227 1269 392 1308 absolve
411 1269 552 1308 vinclis
571 1270 735 1309 saeculi.

694 1423 760 1462 III

249 1520 430 1558 HYMNus
459 1532 503 1558 m
531 1519 741 1558 HONOREM
770 1519 978 1559 PAssmms
1006 1521 1211 1560 Euhium:

458 1574 731 1613 BEA‘rlssmam
760 1575 996 1614 MAwrvms.

226 1655 426 1694 GERMINE
444 1654 591 1692 nobilis
609 1653 773 1693 Eulalia

225 1711 368 1748 mortis
388 1714 432 1747 et
449 1708 587 1748 indole
606 1708 781 1747 nobilior

225 1764 454 1802 Emeritam
473 1777 587 1802 sacra
604 1766 719 1815 virgo
737 1777 868 1810 suam,

225 1820 339 1857 cuius
359 1819 411 1856 ab
430 1818 559 1856 ubere
577 1820 796 1870 progenita
815 1824 893 1864 est,

225 1873 382 1912 ossibus
401 1878 535 1918 ornat,
555 1886 693 1910 amore
713 1873 822 1911 colit.
1306 1876 1331 1915 5

167 1957 181 1977 ²
206 1956 313 1990 Three
343 1956 382 1999 of
407 1956 609 1998 Berqman'e
639 1955 723 1988 later
752 1956 862 1989 MSS.
893 1956 976 1989 have
1005 1956 1197 1997 laetantur,
1226 1957 1334 1991 which

120 2000 153 2034 is
191 2000 404 2033 unmetrical.
466 1999 605 2032 Editors
647 1999 754 2042 before
796 2001 966 2041 Berqman
1007 2000 1197 2044 commonly
1234 2001 1335 2044 print

120 2045 281 2084 litantur,
297 2044 404 2076 which
425 2043 535 2076 would
555 2044 591 2076 be
611 2054 634 2076 a
654 2044 780 2085 unique
802 2044 954 2077 instance
973 2043 1013 2087 of
1027 2044 1080 2078 the
1098 2044 1275 2087 deponent,
1296 2055 1336 2079 or

123 2121 190 2155 142
