1456 2358
126 2115 197 2152 140

553 120 915 161 PRUDENTIUS

233 229 304 280 qui
322 233 366 266 te
387 241 434 266 ae
452 233 619 266 tuorum
638 229 863 266 comminus

233 282 375 321 sedem
394 282 579 321 celebrat
597 295 777 327 ossuum,

284 339 350 375 cui
368 342 538 389 propter
557 336 718 375 advolvi
736 336 848 383 licet,

234 394 304 442 qui
322 391 488 430 fletibus
507 393 665 444 spargit
682 391 832 437 locum,

234 448 304 497 qui
322 451 468 497 pectus
486 448 530 484 in
547 451 702 484 terram
720 448 889 498 premit,

233 503 309 553 qui·
322 506 419 539 vota
437 499 575 539 fundit
593 513 815 539 murmure.

284 569 358 594 nos
377 555 508 594 Vasco
528 555 707 594 Hiberus
725 555 874 600 dividit

232 610 339 648 binis
357 615 538 648 remotos
556 609 746 661 Alpibus,

233 670 347 703 trans
367 664 654 703 Cottianorum
671 666 782 717 iuga,

232 725 347 757 trans
367 725 411 758 et
430 717 611 771 Pyrenas
630 719 861 771 ninguidos.

284 776 352 811 vix
371 773 484 812 fama
501 779 602 812 nota
621 779 698 819 est,
718 774 869 812 abditis

234 841 358 881 quam
375 828 501 880 plena
519 830 670 867 sanctis
689 828 821 866 Roma
839 830 907 874 sit,

233 896 358 935 quam
377 883 490 921 dives
510 884 713 921 urbanum
732 882 865 921 solum

233 940 355 976 sacris
374 937 569 989 sepulcris
588 936 746 976 floreat.

284 992 360 1031 sed
378 994 448 1043 qui
467 1005 652 1031 caremus
670 992 732 1030 his
751 992 869 1031 bonis

232 1060 309 1085 nec
328 1049 537 1099 sanguinis
556 1049 732 1099 vestigia

232 1101 372 1140 videre
392 1115 529 1140 coram
546 1115 776 1153 possumus,

233 1156 394 1195 caelum
412 1159 622 1194 intuemur
641 1158 812 1194 eminus.

284 1213 354 1257 sic,
373 1217 516 1249 sancte
537 1210 749 1256 Laurenti,
769 1216 887 1249 tuam

232 1279 305 1304 nos
323 1268 556 1317 passionem
576 1267 833 1317 quaerimus:

233 1326 297 1359 est
316 1320 410 1358 aula
427 1333 524 1358 nam
543 1320 698 1372 duplex
716 1320 807 1365 tibi,

230 1375 297 1413 hic
315 1377 507 1426 corporis,
524 1376 676 1413 mentis
694 1374 802 1426 polo.

282 1429 366 1467 illic
383 1429 647 1467 inenarrabili

231 1484 402 1522 allectus
421 1484 513 1522 urbi
530 1485 742 1535 municeps

231 1544 427 1577 aeternae
446 1541 489 1576 in
508 1551 600 1577 arce
619 1540 756 1577 curiae

230 1599 369 1646 gestas
389 1606 581 1632 coronam
599 1595 781 1631 civicam.

282 1648 423 1687 videor
440 1647 581 1686 videre
598 1647 839 1686 inlustribus

230 1704 405 1755 gemmis
424 1707 708 1741 coruscantem
726 1704 873 1748 virum,

231 1770 355 1809 quem
374 1757 506 1795 Roma
524 1757 713 1795 caelestis
732 1757 810 1795 sibi

230 1812 333 1864 legit
351 1824 578 1863 perennem
596 1811 817 1850 consulem.

283 1879 390 1917 quae
410 1868 463 1904 sit
481 1871 667 1917 potestas
686 1866 845 1904 credita

230 1926 274 1959 et
292 1923 473 1959 muneris
493 1925 696 1972 quantum
715 1920 874 1966 datum,

229 1975 407 2026 probant
426 1975 635 2024 Quiritum
653 1975 820 2027 gaudia,

229 2030 378 2082 quibus
396 2035 564 2082 rogatus
585 2029 742 2068 adnuis.

1262 447 1340 487 535

1261 718 1339 759 540

1262 993 1338 1033 545

1261 1266 1338 1306 550

1204 1571 1205 1574 ,
1259 1539 1336 1578 555

1258 1812 1336 1852 560
