1456 2358
184 2128 255 2165 288

617 142 978 184 PRUDENTIUS

293 249 359 288 vel
377 262 486 287 nexa
504 251 639 288 nervis
658 249 867 301 disparare
885 248 1060 287 vincula.

293 305 393 343 date
412 304 535 350 hunc,
553 303 724 342 revulsis
744 306 814 355 qui
833 303 1027 342 medetur
1044 303 1202 342 ossibus

294 365 367 397 aut
386 358 518 397 fracta
536 358 653 397 nodis
673 361 850 397 sarciens
869 360 1132 410 conpaginat.
1325 358 1403 398 890

344 413 530 465 linguam
547 415 727 464 priorem
745 412 940 452 detrahat
958 413 1170 458 radicitus,

294 481 401 519 quae
420 481 589 519 corpore
608 470 720 506 omni
738 467 826 506 sola
843 470 943 506 vivit
961 469 1158 519 nequior-3

292 522 364 560 illa
383 528 428 561 et
445 525 607 574 procaci
624 525 804 573 pessima
821 524 864 560 in
882 527 1043 561 nostros
1061 521 1161 561 deos

293 580 458 615 invecta
476 583 594 616 motu
613 576 675 615 fas
693 576 928 629 profanavit
945 582 1080 623 vetus,

293 632 430 669 audax
451 637 494 670 et
513 634 590 683 ipsi
608 645 691 670 non
709 633 898 683 pepercit
914 629 1130 683 principi.'’
1326 629 1404 671 895

345 686 485 724 Aristo
504 686 675 737 quidam
692 686 876 724 medicus
896 688 1050 724 accitus
1069 688 1198 731 venit,

291 740 475 792 proferre
493 740 679 793 linguam
697 743 922 792 praecipit:
954 739 1115 792 profert
1132 741 1276 779 statim

291 801 449 847 martyr
467 801 686 841 retectam,
704 795 851 846 pandit
869 797 952 833 ima
972 800 1016 834 et
1034 794 1240 840 faucium3

291 850 361 888 ille
382 856 425 888 et
443 850 631 901 palatum
649 855 805 888 tractat
825 855 868 888 et
887 849 1019 902 digito
1039 851 1198 888 exitum

291 907 398 943 vocis
417 918 633 955 pererrans
652 904 812 942 vulneri
831 904 1021 955 explorat
1038 904 1186 943 locum.
1325 905 1418 944 900·

342 959 528 1011 linguam
546 959 698 997 deinde
716 958 840 1011 longe
861 959 913 997 ab
932 972 1002 997 ore
1021 957 1266 1010 protrahens

290 1013 531 1065 scalpellum
549 1016 592 1051 in
611 1026 742 1065 usque
761 1019 908 1066 guttur
925 1015 1129 1052 insertans
1149 1015 1250 1066 agit.

289 1068 361 1107 illo
380 1074 548 1107 secante
568 1068 637 1106 fila
655 1070 807 1106 sensim
825 1068 987 1120 singula

290 1136 517 1174 numquam
534 1123 758 1162 momordit
775 1128 934 1174 martyr
953 1128 1026 1160 aut
1044 1136 1089 1161 os
1108 1122 1303 1161 dentibus

291 1180 519 1229 conpressit
538 1180 637 1216 artis
655 1190 734 1216 nec
751 1190 939 1216 cruorem
957 1177 1128 1216 sorbuit.
1325 1177 1402 1218 905

342 1235 524 1271 inmotus
544 1238 589 1271 et
606 1237 781 1284 patente
800 1234 907 1270 rictu
925 1234 1113 1270 constitit

290 1287 390 1325 dum
409 1289 575 1339 sanguis
595 1293 715 1325 extra
733 1285 880 1325 defluit
897 1288 1144 1325 scaturriens
1160 1298 1170 1332 ;

290 1341 458 1393 perfusa
475 1341 647 1393 pulcher
665 1347 809 1379 menta
826 1354 941 1379 russo
960 1346 1184 1379 stemmate

291 1395 374 1435 fert
393 1402 437 1434 et
457 1398 617 1434 cruenti
636 1398 814 1447 pectoris
833 1401 997 1447 spectat
1015 1395 1141 1434 decus

290 1450 522 1501 fruiturque
543 1456 587 1489 et
606 1456 717 1489 ostro
736 1452 861 1488 vestis
881 1455 929 1489 ut
946 1452 1030 1488 iam
1048 1452 1201 1502 regiae.
1323 1450 1400 1490 910

340 1504 577 1556 praefectus
597 1518 695 1557 ergo
714 1510 828 1543 ratus
849 1504 1060 1557 elinguem
1077 1507 1210 1543 virum

290 1562 381 1612 cogi
401 1560 454 1598 ad
472 1559 718 1598 sacrandum
735 1573 871 1611 posse,
890 1572 984 1597 cum
1002 1559 1137 1598 verbis
1155 1571 1299 1598 carens

290 1614 348 1652 nil
366 1617 409 1652 in
428 1614 601 1653 deorum
619 1613 847 1652 blateraret
866 1613 1060 1660 dedecus,

289 1669 407 1707 iubet
425 1668 567 1708 reduci
584 1671 668 1707 iam
686 1674 898 1707 tacentem
918 1681 964 1706 ac
983 1668 1164 1707 debilem

288 1723 420 1762 multo
438 1723 645 1774 loquentis
665 1723 831 1761 turbine
850 1722 949 1761 olim
967 1725 1149 1761 territus.
1323 1723 1399 1763 915

340 1780 505 1829 reponit
524 1791 614 1816 aras
634 1777 687 1816 ad
706 1777 888 1816 tribunal
906 1777 1045 1816 denuo

289 1838 334 1871 et
352 1838 419 1871 tus
440 1838 484 1871 et
502 1834 644 1884 ignem
661 1831 844 1870 vividum
861 1834 904 1870 in
923 1832 1167 1870 carbonibus

288 1890 452 1925 taurina
471 1893 516 1925 et
535 1892 634 1926 exta
652 1886 718 1925 vel
737 1886 858 1924 suilla
876 1886 1119 1925 abdomina:

287 1944 494 1993 ingressus
513 1941 598 1987 ille,
617 1946 665 1980 ut
683 1940 756 1979 hos
775 1947 944 1992 paratus
963 1943 1173 1993 perspicit,

286 1996 479 2041 insufflat,
499 1998 606 2047 ipsos
626 2009 702 2034 ceu
721 1995 882 2034 videret
900 1995 1136 2034 daemonas.
1322 1995 1399 2035 920

459 2084 475 2100 ⁰
497 2080 529 2112 A
545 2090 624 2122 way
640 2079 681 2112 of
692 2079 888 2122 exorcising
903 2079 974 2113 evil
989 2079 1120 2122 spirits.
