1456 2358
596 157 961 198 PRUDENTIUS

168 264 357 310 credunt,
377 270 504 316 atque
522 266 620 315 ipsis
639 264 829 302 tribuunt
847 263 1018 302 decreta
1035 264 1193 317 tigillis,

167 332 243 358 ceu
261 319 390 358 distet
409 321 524 357 cuius
543 318 690 357 stellae
710 321 763 357 sit
782 317 965 357 fraxinus
985 325 1079 357 ortu

167 380 300 419 eruta,
319 387 427 425 quae
446 387 653 412 summum
672 373 969 412 conscenderet
989 374 1117 412 ardua
1135 374 1312 413 culmen.

167 429 347 480 denique
367 428 481 466 nulla
498 427 712 466 hominum
730 441 795 466 res
816 433 893 473 est,
912 428 1026 466 nulla
1045 431 1152 468 actio
1170 429 1329 476 mundi,

168 486 233 522 cui
252 497 334 521 non
354 482 527 521 fatalem
545 488 778 521 memorent
796 483 1035 521 incumbere
1055 489 1222 522 sortem.
1311 485 1389 525 460

168 551 275 589 quae
295 540 391 589 quia
410 540 683 583 constituunt,
703 537 843 575 dicant
862 550 934 575 cur
952 537 1119 576 condita
1137 540 1191 577 sit
1209 538 1277 577 lex

167 594 228 631 bis
249 606 322 631 sex
341 595 383 630 in
402 592 556 630 tabulis
575 598 648 630 aut
667 606 738 630 cur
755 593 918 630 rubrica
936 595 1131 638 minetur,

167 661 274 699 quae
293 647 486 699 prohibet
505 660 677 698 peccare
696 659 802 692 reos,
821 660 923 697 quos
942 645 1077 685 ferrea
1095 645 1184 686 fata

166 708 321 754 cogunt
341 702 394 740 ad
412 701 569 745 facinus
590 707 634 740 et
652 701 892 739 inevitabile
911 707 1118 753 mergunt.

166 760 266 808 quin
286 763 330 795 et
349 757 454 795 velle
475 756 650 808 adigunt
668 769 840 807 pravum
858 758 1110 794 insinuantia
1127 762 1286 803 votum,

165 825 218 850 ne
237 812 361 850 liceat
380 813 538 850 miseris
557 813 735 849 vetitum
754 813 1015 849 committere
1034 811 1157 850 nolle.
1309 812 1386 853 466

165 867 317 912 cedite,
337 869 369 905 si
389 866 521 918 pudor
540 871 619 911 est,
637 865 905 918 gladiumque
924 865 1137 904 retundite
1156 872 1355 913 vestrum,

167 935 313 973 aspera
331 921 388 959 nil
407 923 576 959 meritos
595 923 738 972 poenis
757 920 986 971 plectentia
1002 922 1114 965 iura3

166 982 332 1015 antrum
351 989 587 1014 carcereum
606 975 831 1020 dissolvite,
849 988 1020 1026 corpora
1038 975 1114 1014 sub
1133 989 1216 1027 quo

166 1033 341 1083 agminis
359 1032 524 1069 innocui
543 1029 631 1069 fato
650 1035 850 1081 peccante
869 1032 1037 1068 tenetis.
1309 1032 1387 1072 470

166 1099 289 1124 nemo
308 1099 473 1131 nocens,
494 1087 527 1124 si
546 1084 635 1123 fata
653 1090 805 1136 regunt
825 1084 935 1135 quod
953 1087 1103 1124 vivitur
1122 1098 1170 1124 ac
1188 1085 1258 1124 fitz
1296 1133 1299 1135 ι

166 1143 292 1179 immo
339 1153 491 1178 nocens
534 1142 785 1191 quicumque
829 1139 971 1178 volens
1010 1139 1122 1191 quod
1163 1154 1246 1178 non
1285 1140 1386 1180 licet

278 1195 423 1240 audet,

165 1250 413 1288 alterutrum
432 1251 529 1300 quia
547 1248 654 1286 velle
673 1261 793 1286 suum
813 1253 877 1286 est
895 1261 973 1286 nec
991 1247 1080 1286 fata
1097 1253 1262 1287 reatum

163 1307 368 1355 inponunt
387 1304 556 1348 homini,
575 1303 650 1341 sed
669 1302 716 1341 fit
734 1315 828 1340 reus
847 1305 935 1353 ipse
955 1308 1104 1354 suopte

163 1360 346 1404 arbitrio,
366 1358 648 1410 placitumque
667 1356 783 1395 nefas
804 1363 848 1395 et
866 1356 978 1395 faeta
995 1357 1190 1409 rependit
1306 1359 1383 1399 475

163 1416 277 1465 inpia
295 1413 503 1465 suppliciis
521 1414 670 1450 merito
689 1425 772 1450 non
791 1418 902 1450 sorte
921 1418 1174 1463 peremptuS.

165 1471 339 1520 quisque
358 1473 482 1520 putat
500 1466 588 1505 fato
608 1480 697 1505 esse
715 1466 865 1512 locum,
885 1469 987 1505 sciat
1006 1469 1338 1518 omniparentem

164 1536 283 1562 nosse
304 1523 443 1561 Deum
461 1522 563 1560 nulli
581 1524 759 1560 vetitum
777 1520 971 1559 fatalibus
991 1523 1124 1567 astris,

163 1591 240 1616 nec
259 1577 456 1616 mathesis
475 1579 728 1628 praescripto
748 1576 884 1627 aliquo
902 1578 971 1627 pia
989 1581 1087 1614 vota
1104 1575 1262 1628 repelli.

164 1635 293 1684 spirat
313 1635 423 1671 enim
443 1634 597 1670 maiora
616 1633 775 1669 animus
795 1643 923 1681 seque
942 1630 1064 1669 altius
1083 1629 1203 1669 effert
1305 1632 1382 1672 480

164 1687 365 1726 sideribus
384 1689 617 1738 transitque
636 1688 721 1724 vias
742 1690 785 1723 et
804 1685 946 1723 nubila
963 1683 1054 1731 fati,

211 1852 226 1867 ‘⁸
249 1846 322 1879 The
350 1845 573 1879 codification
600 1844 641 1877 of
664 1848 866 1886 customary
893 1844 970 1882 law,
999 1843 1080 1877 civil
1106 1844 1177 1877 and
1205 1844 1376 1884 criminal,

165 1891 267 1924 made
285 1891 333 1932 by
349 1890 411 1923 the
428 1889 631 1922 Decemvirs
648 1892 687 1921 at
703 1889 765 1921 the
782 1888 912 1921 middle
929 1888 970 1920 of
982 1887 1044 1921 the
1060 1887 1123 1921 5th
1142 1891 1290 1931 century
1307 1898 1377 1922 1³.c.

165 1935 201 1968 It
218 1945 289 1967 was
307 1934 434 1967 looked
451 1944 547 1976 upon
566 1933 652 1965 with
670 1936 769 1975 great
786 1942 969 1965 reverence
988 1932 1036 1974 by
1053 1931 1143 1965 later
1159 1943 1240 1975 ages
1258 1943 1297 1965 as
1314 1931 1377 1965 the

164 1979 374 2012 foundation
395 1978 435 2010 of
450 1977 527 2010 law.
575 1977 678 2009 Parts
699 1976 740 2008 of
754 1977 784 2008 it
804 1976 894 2008 have
914 1976 1080 2008 survived
1099 1976 1253 2018 through
1273 1976 1377 2020 being

165 2023 297 2064 quoted
318 2022 363 2064 by
385 2022 530 2054 writers.
578 2021 641 2054 See
661 2020 917 2062 Warmington,
939 2020 1104 2052 Remmius
1123 2019 1162 2062 os
1177 2018 1242 2054 Old
1258 2019 1376 2060 Latin,

164 2066 233 2099 vol.
249 2066 307 2099 ΙΙΙ
323 2067 373 2107 (in
388 2066 459 2098 this
474 2065 603 2106 series).

162 2150 209 2186 42
