1456 2358
579 147 941 190 PRUDENTIUS

258 260 302 293 et
321 254 515 306 splendor
532 258 679 308 ingens
699 261 747 294 ut
765 259 1032 308 magistratus
1052 259 1180 303 venit,

257 312 290 347 si
308 309 534 348 confitendi
553 313 728 349 nominis
748 316 903 349 testem
922 312 1097 363 probum

257 366 424 416 signent
442 367 581 403 inusta
599 364 697 403 ferri
716 370 761 403 et
778 367 884 417 ignis
904 365 1075 404 vulnera

259 424 302 457 et
321 421 403 457 vim
422 419 611 457 dolorum
629 433 737 458 mors
757 426 956 471 sequatur
973 420 1141 473 inclyta.
1294 423 1368 462 135

309 487 409 511 cave
427 474 632 526 benignus
653 487 742 513 esse
761 487 954 526 perverse
973 475 1089 521 velis,

259 541 335 566 nec
354 530 411 565 mi
430 531 623 567 remissus
641 529 791 567 leniter
809 532 1066 581 peperceris;

257 583 450 621 incumbe
468 583 678 629 membris,
698 589 844 630 tortor,
863 589 911 622 ut
929 587 1007 623 sim
1025 584 1185 623 nobilis.

257 637 320 675 his
340 637 563 688 ampliatus
581 640 615 676 si
634 637 746 676 fruar
764 639 1032 685 successibus,

257 705 389 744 genus
407 694 537 744 patris
555 695 783 744 matrisque
803 692 917 731 flocci
936 692 1086 732 fecero.
1293 694 1370 735 140

309 746 413 785 haec
430 749 521 798 ipsa
539 753 677 786 vestra
696 747 949 799 dignitatum
968 748 1148 787 culmina

259 801 360 852 quid
378 814 468 840 esse
487 802 659 840 censes?
693 815 830 840 nonne
850 805 1000 841 cursim
1017 808 1238 842 transeunt

258 855 404 902 fasces,
424 869 601 902 secures,
620 856 737 903 sella,
755 863 1002 908 praetextae
1022 863 1162 910 togae,

257 910 390 956 lictor,
409 911 606 957 tribunal,
626 916 670 950 et
689 917 879 950 trecenta
896 914 1074 964 insignia

259 966 408 1016 quibus
427 968 614 1012 tumetis,
633 979 814 1017 moxque
833 966 1147 1006 detumescitis?
1295 967 1370 1008 145

310 1033 405 1058 cum
424 1020 684 1059 consulatum
698 1023 828 1067 initis,
848 1027 896 1059 ut
915 1034 1066 1059 vernae
1085 1021 1235 1068 solent,

259 1074 408 1126 (pudet
427 1073 567 1127 fateri)
586 1074 694 1113 farre
713 1075 847 1127 pullos
866 1078 1056 1127 pascitis;

259 1129 399 1180 aquila
419 1142 470 1167 ex
491 1130 649 1168 eburna
667 1132 793 1168 sumit
813 1130 1100 1182 adrogantiam

258 1189 446 1235 gestator
466 1186 553 1222 eius
573 1197 620 1222 ac
639 1185 827 1236 superbit
845 1185 995 1223 beluae

258 1237 425 1276 inflatus
445 1252 550 1284 osse,
569 1241 635 1277 cui
654 1238 786 1291 figura
806 1245 870 1278 est
889 1239 1010 1278 alitis.
1295 1241 1370 1281 150

309 1295 393 1331 iam
411 1295 445 1331 si
464 1293 541 1331 sub
560 1295 639 1331 aris
659 1293 712 1332 ad
731 1293 958 1346 sigillorum
975 1294 1104 1346 pedes

259 1350 428 1386 iaceatis
447 1347 554 1386 infra
573 1348 760 1386 sectilem
779 1362 977 1400 quercum
996 1351 1078 1394 siti,

260 1402 360 1453 quid
380 1415 469 1440 esse
489 1403 603 1441 vobis
623 1405 842 1441 aestimem
859 1404 1110 1454 proiectius?

259 1456 416 1495 nudare
434 1456 599 1508 plantas
619 1462 718 1496 ante
738 1463 982 1509 carpentum
1001 1460 1084 1496 scio

258 1525 448 1563 proceres
468 1517 634 1563 togatos
653 1515 796 1550 matris
817 1512 970 1550 Idaeae
989 1515 1125 1551 sacris.
1295 1515 1369 1554 155

311 1566 414 1618 lapis
433 1566 610 1618 nigellus
631 1566 868 1605 evehendus
889 1567 1034 1606 essedo

198 1757 214 1773 ⁶
237 1753 311 1804 (Phe
335 1756 421 1796 toga
445 1753 558 1796 edged
581 1753 669 1786 with
694 1753 830 1796 purple,
855 1753 971 1787 which
994 1764 1067 1787 was
1091 1764 1188 1787 worn
1213 1753 1262 1797 by
1286 1753 1371 1798 high

154 1800 526 1874 maggxiimol'dsmethod
539 1841 580 1874 of
588 1841 713 1884 taking
726 1841 897 1884 auspices,
910 1841 1025 1874 which
1038 1841 1110 1874 had
1123 1841 1212 1875 been
1224 1841 1312 1875 used
1324 1852 1370 1875 on

155 1884 313 1927 military
343 1885 578 1927 expeditione.
625 1885 699 1918 The
730 1888 858 1918 nature
889 1885 930 1918 of
957 1885 1020 1918 the
1051 1895 1155 1918 omen
1186 1885 1371 1928 depended

155 1939 201 1961 on
224 1928 383 1979 whether
404 1928 467 1979 the
490 1928 654 1962 chickens
676 1928 817 1979 refused
839 1939 878 1961 or
901 1929 988 1961 took
1009 1928 1072 1962 the
1094 1929 1190 1968 food,
1214 1929 1286 1962 and
1307 1929 1371 1962 the

154 1981 303 2048 magnffl
315 1971 590 2058 ίιὲοῗξιξὲαὲὴὲζ
606 1972 757 2058 ἓξὲξὺὶἓ,
781 2016 916 2059 topped
937 2016 1025 2049 with
1047 2016 1110 2049 the
1130 2015 1156 2051 fi
1223 2027 1242 2050 e
1264 2016 1306 2049 of
1322 2026 1370 2051 an

154 2059 263 2102 eagle,
275 2070 347 2092 was
357 2059 393 2092 in
404 2059 609 2102 republican
621 2060 725 2093 times
737 2060 870 2093 carried
882 2060 930 2102 by
941 2070 962 2092 a
973 2059 1113 2102 general
1124 2070 1162 2093 ce
1176 2059 1338 2103 ebrating
1348 2070 1371 2093 a

156 2124 228 2171 238
