1456 2358
195 2141 263 2189 196

622 156 984 198 PRUDENTIUS

298 278 427 311 remo,
446 265 625 304 rudente
646 271 690 303 et
709 265 892 310 carbaso,

298 332 439 358 secare
459 322 530 372 qui
549 326 724 371 pontum
744 332 887 371 queaS,

349 376 485 426 rapias
503 375 678 426 palustri
698 387 720 412 e
740 376 924 425 caespite

298 442 459 480 corpus,
479 429 590 481 quod
608 431 814 468 intactum
831 431 955 474 iacet,

297 483 461 535 levique
479 489 647 523 vectum
665 483 848 522 lembulo

299 538 484 589 amplum
502 552 577 590 per
596 551 752 590 aequor
771 536 961 576 auferas?

351 592 425 631 sed
444 593 722 644 conplicatum
741 598 930 645 sparteus

298 647 466 686 claudat
485 648 661 686 cadaver
679 647 850 693 culleus,

299 715 424 753 quem
443 701 542 740 fune
562 715 743 741 conexus
762 702 866 754 lapis

298 770 496 808 praeceps
515 759 558 794 in
578 757 709 795 altum
728 757 948 808 deprimat.

351 817 395 849 at
414 817 461 850 tu
481 825 556 863 per
575 812 706 851 undas
727 814 877 850 emices

298 872 464 904 rorante
483 879 658 918 praepes
677 866 875 919 palmula,

297 921 430 959 donec
448 921 640 960 relictum
658 921 819 974 longior

299 975 526 1014 abscondat
546 981 738 1028 aspectus
757 975 933 1014 solum.’'

349 1029 453 1068 haec
471 1033 581 1069 iussa
601 1030 770 1082 quidam
788 1031 982 1077 militum,

300 1084 571 1136 (Eumorphio
589 1098 742 1123 nomen
761 1084 857 1137 fuit)

298 1139 518 1185 violentus,
538 1140 690 1186 audax,
709 1140 923 1185 barbarus,

297 1193 435 1233 furore
455 1193 618 1233 fervens
639 1195 803 1246 adripit.

350 1248 490 1288 funale
510 1254 677 1287 textum
697 1252 890 1295 conserit,

298 1309 392 1342 suto
411 1303 523 1355 quod
541 1303 674 1355 inplet
694 1317 877 1355 corpore,

298 1371 490 1396 emensus
510 1364 555 1397 et
573 1358 753 1397 multum
772 1358 869 1397 freti

296 1415 407 1452 inter
425 1412 626 1464 procellas
647 1415 819 1451 excutit.

349 1481 374 1506 o
392 1473 644 1519 praepotens
664 1470 793 1506 virtus
814 1467 910 1515 Dei,

296 1524 426 1561 virtus
445 1526 626 1561 creatrix
646 1525 844 1569 omnium,

297 1590 404 1629 quae
424 1577 638 1630 turgidum
659 1577 868 1629 quondam
887 1590 1001 1615 mare

295 1631 516 1683 gradiente
537 1631 700 1670 Christo
720 1638 938 1677 straverat,

349 1692 397 1724 ut
415 1691 537 1739 terga
556 1686 717 1724 calcans
737 1689 926 1739 aequoris

298 1743 413 1779 siccis
432 1747 594 1779 mearet
612 1742 814 1792 passibus,

295 1794 459 1846 plantas
479 1808 556 1834 nec
575 1795 695 1834 undis
714 1798 928 1848 tingueret

297 1852 403 1888 vasti
422 1852 556 1888 viator
573 1850 771 1902 gurgitis!

348 1903 451 1942 haec
470 1907 560 1956 ipsa
578 1907 707 1943 virtus
726 1907 902 1943 iusserat

295 1959 465 1997 rubrum
484 1958 616 1997 salum
636 1959 863 2004 dehiscere,

295 2018 469 2065 patente
489 2013 589 2051 dum
608 2012 738 2052 fundo
758 2014 918 2052 aridum

297 2081 441 2106 secura
460 2067 577 2119 plebs
597 2070 677 2107 iter
695 2070 807 2107 terit.

1333 482 1409 523 455

1334 755 1411 796 460

1334 1030 1411 1071 465

1334 1304 1412 1398 470

1334 1577 1383 1616 47
1386 1579 1410 1618 5

1443 2064 1456 2200 -σᾼειιμαι,
1446 2007 1456 2054 .e.....
1450 1920 1456 1937 -Δ,
1450 1885 1456 1901 2.
