1456 2358
198 2122 269 2173 198

630 138 991 179 PRUDENTIUS

355 259 432 284 nec
451 259 533 284 non
554 251 598 285 et
616 249 706 298 ipsa
723 259 833 284 nunc
852 245 970 283 iubet

303 302 454 339 servire
475 306 618 340 sancto
638 302 797 352 corpori

302 361 479 406 pontum
499 357 650 407 quietis
668 355 851 407 lapsibus

304 410 357 448 ad
376 423 500 448 curva
518 424 694 462 pronum
712 410 846 448 litora.

356 478 502 503 saxum
520 464 685 503 molaris
704 464 896 516 ponderis

304 525 352 558 ut
370 532 518 570 spuma
536 519 718 558 candens
735 521 915 565 innatat,

302 576 496 626 tantique
515 580 653 613 custos
671 575 853 626 pigneris

304 628 458 667 fiscella
476 627 610 668 fertur
627 628 832 667 fluctibus.

356 689 532 722 cernunt
551 689 769 735 stupentes
789 685 955 721 navitae

304 743 467 776 vectam
486 751 677 777 remenso
694 750 899 776 marmore

302 792 388 831 labi
405 798 631 831 retrorsum
649 792 800 831 leniter

304 853 423 886 aestu
443 848 624 886 secundo
645 854 689 887 et
707 847 887 886 flamine.

355 908 520 941 certant
539 908 583 941 et
601 905 679 954 ipsi
698 905 859 941 concito

302 962 478 1008 pontum
496 956 667 1008 phaselo
686 957 887 1002 scindere,

302 1011 426 1064 longe
445 1011 520 1050 sed
539 1017 652 1050 artus
672 1011 915 1063 praevolant

302 1066 462 1104 telluris
482 1066 535 1105 ad
553 1066 723 1105 mollem
742 1069 900 1110 sinum3

354 1123 467 1172 prius
485 1121 638 1159 relatos
657 1121 837 1172 denique

302 1174 452 1214 humus
472 1178 617 1227 quieta
635 1178 819 1227 suscipit,

303 1243 428 1281 quam
447 1230 567 1282 pulsa
585 1233 755 1269 summis
773 1231 929 1269 nisibus

303 1286 442 1323 carina
459 1290 627 1336 portum
645 1290 854 1338 tangeret.

354 1338 455 1378 felix
475 1342 637 1378 amoeni
655 1340 785 1378 litoris

302 1407 485 1432 secessus
503 1394 589 1440 ille,
609 1396 679 1446 qui
698 1407 813 1432 sacra

302 1447 446 1487 fovens
464 1449 628 1487 harenis
648 1451 804 1488 viscera

302 1505 434 1542 vicem
453 1503 630 1555 sepulcri
648 1504 856 1555 praebuit,

354 1558 454 1596 dum
473 1571 571 1596 cura
589 1564 826 1597 sanctorum
844 1561 913 1610 pia

302 1612 459 1651 deflens
480 1613 655 1652 adornat
674 1626 872 1665 aggerem

301 1667 546 1719 tumuloque
565 1681 711 1719 corpus
731 1668 935 1706 creditum

301 1724 413 1760 vitae
432 1728 617 1761 reservat
635 1725 848 1774 posterae!

352 1776 426 1815 sed
445 1790 542 1815 mox
561 1777 742 1815 subactis
762 1777 948 1816 hostibus

300 1833 384 1869 iam
402 1844 505 1883 pace
523 1834 641 1870 iustis
661 1831 826 1870 reddita

301 1885 408 1923 altar
427 1888 613 1937 quietem
631 1886 818 1924 debitam

300 1946 488 1991 praestat
506 1941 641 1979 beatis
661 1941 841 1986 ossibus;

352 1995 540 2033 subiecta
558 2008 655 2033 nam
674 1998 849 2034 sacrario

299 2051 509 2101 imamque
529 2049 582 2088 ad
602 2063 715 2088 aram
734 2050 901 2089 condita

1338 245 1415 286 485

1338 518 1416 558 490

1339 791 1415 833 495

1336 1339 1413 1379 505

1335 1612 1413 1652 510
1447 1646 1456 1652 ,

1333 1885 1410 1925 515
