1456 2358
194 2122 268 2160 344

624 128 986 169 PRUDENTIUS

300 249 435 288 reges,
454 241 667 288 tyrannos,
685 237 859 287 imperia
878 240 922 274 et
940 234 1093 287 gradus

300 303 556 342 pompasque
575 290 777 329 honorum
796 289 926 328 stulta
944 291 1212 335 tumentium,

301 348 464 397 argenti
484 351 529 383 et
548 347 636 383 auri
654 347 738 383 vim
756 344 901 382 rabida
919 346 988 383 siti

300 402 458 438 cunctis
477 402 656 451 petitam
674 412 749 451 per
767 401 926 437 varium
944 397 1076 444 nefas,

300 454 518 506 splendore
537 454 670 492 multo
689 459 847 492 structa
865 453 1117 499 habitacula,

299 508 433 547 inlusa
450 511 588 560 pictae
608 511 734 547 vestis
753 511 905 554 inania,

299 565 417 609 iram,
436 566 643 609 timorem,
662 569 774 609 vota,
793 562 989 614 pericula,

299 632 408 656 nunc
427 620 546 657 triste
565 618 750 670 longum,
768 631 877 655 nunc
896 618 1021 656 breve
1040 617 1254 669 gaudium,

298 672 435 711 livoris
455 675 534 711 atri
554 671 755 710 fumificas
774 671 900 717 faces,

299 729 496 779 nigrescit
514 727 625 765 unde
645 740 738 778 spes
757 726 971 765 hominum
990 731 1034 765 et
1053 726 1193 772 decus,

300 787 358 828 et,
378 782 489 833 quod
508 781 710 820 malorum
729 784 904 820 taetrius
923 783 1107 820 omnium
1126 786 1205 827 est,

298 836 547 888 gentilitatis
567 836 732 875 sordida
750 835 903 874 nubila.

298 891 402 929 haec
421 891 554 929 calcat
573 891 715 943 Agnes
736 904 783 928 ac
801 890 910 942 pede
928 892 1104 942 proterit

299 951 413 984 stans
434 951 478 984 et
497 945 683 984 draconis
703 945 813 983 calce
833 958 1025 996 premens
1044 950 1185 996 caput,

298 1006 466 1038 terrena
485 1000 629 1038 mundi
649 1002 719 1051 qui
738 999 848 1038 ferus
868 1001 1006 1038 omnia

298 1058 457 1107 spargit
475 1057 645 1093 venenis
664 1057 816 1107 mergit
836 1060 880 1093 et
897 1053 1062 1099 inferis3

298 1123 408 1147 nunc
426 1109 614 1161 virginali
633 1109 889 1160 perdomitus
909 1108 994 1147 solo

299 1166 442 1202 cristas
462 1164 621 1202 cerebri
640 1164 835 1215 deprimit
853 1166 965 1215 ignei

298 1232 376 1257 nec
395 1221 527 1257 victus
547 1218 675 1257 audet
694 1218 840 1257 tollere
860 1220 1071 1259 verticem.

300 1275 430 1326 cingit
449 1275 606 1311 coronis
625 1275 787 1311 interea
807 1273 922 1311 Deus

300 1327 481 1366 frontem
500 1327 660 1366 duabus
679 1330 871 1379 martyris
890 1327 1094 1366 innubae:

299 1396 425 1420 unam
445 1382 689 1433 decemplex
709 1382 824 1420 edita
842 1384 976 1420 sexies

299 1450 457 1475 merces
475 1439 649 1488 perenni
667 1436 822 1474 lumine
842 1436 1020 1482 conficit,

299 1497 500 1530 centenus
521 1497 640 1529 extat
659 1490 815 1529 fructus
834 1493 877 1528 in
896 1490 1040 1529 altera.

351 1560 375 1584 o
394 1548 508 1598 virgo
527 1545 642 1591 felix,
662 1559 686 1583 o
705 1559 811 1584 nova
828 1545 972 1598 gloria,

298 1601 488 1639 caelestis
509 1603 610 1639 arcis
630 1600 776 1638 nobilis
795 1600 942 1646 incola,

298 1655 470 1694 intende
490 1657 639 1693 nostris
659 1654 967 1693 conluvionibus

298 1710 459 1748 vultum
478 1709 658 1762 gemello
677 1722 771 1747 cum
790 1709 1042 1755 diademate,

298 1767 364 1803 cui
382 1777 502 1816 posse
522 1764 596 1802 soli
615 1766 902 1816 cunctiparens
922 1763 1040 1802 dedit

299 1825 459 1857 castum
478 1818 544 1857 vel
562 1821 697 1870 ipsum
715 1818 890 1856 reddere
910 1817 1121 1857 fornicem.

298 1874 506 1925 purgabor
524 1876 603 1911 oris
622 1872 894 1924 propitiabilis

298 1927 473 1979 fulgore,
492 1933 679 1966 nostrum
699 1930 732 1965 si
750 1929 863 1965 iecur
880 1926 1051 1978 inpleas.

297 1982 354 2020 nil
373 1996 455 2020 non
473 1982 670 2034 pudicum
690 1987 755 2020 est
774 1981 885 2033 quod
903 1984 972 2033 pia
991 1983 1121 2020 visere

297 2037 477 2089 dignaris
497 2036 605 2075 almo
624 2035 690 2074 vel
707 2036 816 2087 pede
836 2041 1023 2089 tangere.

1336 236 1412 276 100

1336 510 1410 550 105

1335 783 1411 823 110

1334 1053 1408 1096 115

1335 1329 1410 1368 120

1335 1602 1409 1641 125

1329 1846 1408 1914 130
