1456 2358
159 2118 230 2158 186

575 134 937 174 PRUDENTIUS

306 242 406 292 quin
426 246 470 279 et
489 239 731 293 frequentes
751 240 890 293 angeli

253 300 368 334 stant
388 308 435 333 ac
453 295 681 347 loquuntur
699 297 941 341 comminus,

254 363 428 402 quorum
448 363 554 389 unus
573 363 643 389 ore
665 352 878 402 augustior

254 404 463 456 conpellat
481 404 544 443 his
563 405 684 443 dictis
703 407 858 443 virum:

306 458 330 472 “
350 472 542 512 exsurge,
561 465 720 512 martyr
738 459 909 511 inclyte,

255 526 433 566 exsurge
452 527 620 552 securus
638 516 715 560 tui,

255 581 433 621 exsurge
453 574 498 607 et
517 568 635 607 almis
654 569 841 607 coetibus

254 629 396 662 noster
414 623 564 662 sodalis
584 623 752 662 addere.

307 677 481 716 decursa
499 680 582 716 iam
601 680 701 716 satis
720 678 798 716 tibi

254 746 415 784 poenae
434 734 605 771 minacis
624 734 780 778 munia,

254 787 509 839 pulchroque
529 789 672 826 mortis
693 789 810 825 exitu

255 844 386 880 omnis
406 847 577 893 peraeta
596 847 661 880 est
679 843 828 894 passio.

308 910 332 935 o
350 896 468 935 miles
487 899 768 942 invictissime,

255 951 571 990 fortissimorum
589 950 749 997 fortior,

255 1009 338 1044 iam
356 1011 401 1044 te
420 1008 510 1057 ipsa
528 1019 652 1044 saeva
672 1011 716 1044 et
736 1019 882 1057 aspera

255 1066 467 1099 tormenta
485 1063 684 1099 victorem
703 1066 903 1099 tremunt.

308 1120 520 1167 spectator
537 1115 641 1153 haec
660 1114 847 1154 Christus
868 1115 983 1153 Deus

256 1175 484 1221 conpensat
504 1183 606 1208 aevo
624 1171 861 1215 intermino,

256 1227 530 1276 propriaeque
550 1224 753 1277 collegam
771 1226 900 1262 crucis

256 1280 372 1331 larga
390 1284 560 1318 coronat
579 1279 766 1317 dextera.

308 1347 416 1385 pone
436 1333 513 1372 hoc
532 1333 734 1372 caducum
753 1332 964 1372 vasculum

257 1401 443 1440 conpage
462 1394 629 1426 textum
648 1393 800 1433 terrea,

258 1443 369 1495 quod
387 1443 633 1494 dissipatum
651 1442 837 1488 solvitur,

259 1503 303 1536 et
319 1497 426 1536 liber
443 1500 486 1535 in
505 1497 666 1535 caelum
685 1495 822 1535 veni.''

308 1552 412 1591 haec
430 1551 523 1596 ille;
557 1552 632 1590 sed
650 1551 808 1590 clausas
827 1550 935 1590 fores

258 1609 423 1645 interna
441 1612 640 1658 rumpunt
658 1606 816 1644 lumina

258 1664 480 1712 tenuisque
498 1674 574 1712 per
591 1663 715 1700 rimas
734 1663 843 1699 nitor

258 1716 359 1755 lucis
378 1715 548 1754 latentis
567 1715 766 1767 proditur.

310 1770 388 1809 hoc
407 1783 501 1810 cum
520 1775 710 1821 stuperet
728 1772 898 1809 territus

259 1826 447 1864 obsessor
466 1827 545 1863 atri
562 1824 728 1870 liminis,

261 1893 386 1932 quern
405 1893 503 1918 cura
520 1892 677 1931 pernox
697 1884 907 1918 manserat

261 1947 423 1973 servare
443 1933 616 1972 feralem
635 1934 818 1980 domum,

312 1988 526 2041 psallentis
546 1988 663 2027 audit
681 1990 848 2040 insuper

260 2042 482 2096 praedulce
502 2055 667 2081 carmen
686 2045 893 2096 martyris,

1292 461 1368 500 285

1291 734 1368 772 290

1291 1007 1368 1047 295

1290 1280 1368 1319 300

1291 1549 1369 1593 305

1292 1815 1370 1866 310
