1456 2358
159 2132 227 2158 112

580 131 941 174 PRUDENTIUS

311 242 334 256 “
353 240 536 288 soletis,”
556 243 706 293 inquit,
726 239 749 253 “
769 240 963 290 conqueri

258 300 416 336 saevire
435 311 508 335 nos
527 299 636 334 iusto
657 294 845 346 amplius,

257 366 352 390 cum
371 351 605 391 Christiana
623 362 793 401 corpora

257 407 349 459 plus
369 419 494 458 quam
513 409 685 443 cruente
705 403 939 443 scindimus.

311 462 430 499 abest
450 459 716 498 atrocioribus

259 529 431 554 censura
450 514 613 553 fervens
631 513 835 557 motibus3

258 570 410 609 blande
431 575 475 608 et
495 571 636 621 quiete
657 568 838 619 efflagito

259 625 371 677 quod
389 630 537 676 sponte
557 624 671 662 obire
690 622 858 661 debeas.

310 679 419 718 hunc
439 692 529 717 esse
548 679 694 717 vestris
714 678 837 728 orgiis

258 747 500 785 moremque
521 738 564 771 et
584 737 718 774 artem
736 730 946 783 proditum
966 733 1045 774 est,

258 789 365 827 hanc
383 788 640 840 disciplinam
659 786 851 830 foederis,

258 844 391 883 libent
410 849 458 881 ut
478 856 576 881 auro
597 843 817 879 antistites.

312 900 521 951 argenteis
541 896 704 948 scyphis
723 894 864 933 ferunt

259 953 419 991 fumare
439 959 599 990 sacrum
618 952 877 1002 sanguinem,

261 1020 442 1059 auroque
462 1007 672 1045 nocturnis
691 1006 813 1043 sacris

261 1063 425 1101 adstare
446 1061 548 1099 fixos
567 1073 720 1098 cereos.

311 1123 403 1155 tum
422 1129 583 1154 summa
601 1128 699 1153 cura
718 1118 782 1151 est
801 1111 1010 1158 fratribus,

259 1178 308 1211 ut
326 1184 461 1210 sermo
479 1174 661 1209 testatur
679 1168 846 1219 loquax,

260 1225 405 1265 offerre
425 1225 562 1263 fundis
581 1223 759 1262 venditis

260 1283 545 1320 sestertiorum
563 1278 689 1317 milia.

312 1335 479 1374 addicta
498 1347 667 1372 avorum
685 1331 855 1383 praedia

260 1389 391 1429 foedis
411 1389 487 1427 sub
507 1387 765 1426 auctionibus

260 1457 467 1484 successor
487 1442 660 1481 exheres
679 1443 811 1494 gemit

259 1501 411 1538 sanctis
432 1511 559 1551 egens
578 1495 833 1548 parentibus.

311 1554 415 1592 haec
433 1552 676 1592 occuluntur
695 1549 846 1588 abditis

261 1608 525 1648 ecclesiarum
542 1609 586 1644 in
605 1605 779 1657 angulis,

261 1669 306 1702 et
324 1675 485 1701 summa
503 1663 637 1712 pietas
657 1659 838 1698 creditur

260 1717 418 1756 nudare
436 1716 577 1755 dulces
595 1715 757 1753 liberos.

312 1772 510 1823 deprome
529 1769 759 1814 thesauros,
777 1767 896 1806 malis

261 1826 473 1865 suadendo
493 1838 594 1876 quos
613 1825 866 1875 praestrigiis

262 1885 536 1933 exaggeratos
555 1879 733 1923 obtines,

261 1939 453 1987 nigrante
473 1947 574 1985 quos
593 1932 748 1971 claudis
767 1945 906 1983 specu.

312 1990 390 2029 hoc
408 1991 541 2040 poscit
560 2001 655 2026 usus
674 1986 875 2038 publicus,

260 2044 338 2083 hoc
358 2044 491 2090 fiscus,
509 2042 587 2081 hoc
607 2043 823 2088 aerarium,

1318 673 1368 712 65

1317 945 1368 985 70

1317 1219 1368 1258 75

1317 1757 1368 1804 85
