1456 2358
582 109 942 150 PRUDENTIUS

313 230 407 256 ecce
427 219 564 255 nivem
582 215 764 268 glacialis
781 215 914 255 hiems

258 275 410 325 ingerit
430 278 475 310 et
492 273 601 324 tegit
620 283 742 309 omne
762 269 909 317 forum,

257 327 445 366 membra
463 328 572 378 tegit
591 325 711 364 simul
730 325 916 364 Eulaliae

258 395 336 420 axe
355 383 534 419 iacentia
553 381 629 419 sub
647 380 787 432 gelido

256 436 412 488 pallioli
430 438 517 473 vice
536 435 707 473 linteoli.
1293 437 1367 476 180

308 491 432 530 cedat
451 503 566 528 amor
584 489 872 528 lacrimantum
891 489 1119 537 hominum,

257 549 328 598 qui
346 544 557 584 c‘elebrare
576 557 769 596 suprema
787 544 936 590 solent,

256 600 394 639 flebile
414 600 537 638 cedat
557 605 600 638 et
619 599 818 638 officium:

255 659 345 707 ipsa
364 654 574 694 elementa
591 654 764 692 iubente
785 654 878 692 Deo

257 712 453 762 exequias
473 710 564 754 tibi,
583 711 712 761 virgo,
731 708 884 747 ferunt.
1292 711 1366 750 185

308 778 416 803 nunc
434 763 546 802 locus
566 763 753 801 Emerita
772 770 836 802 est
855 763 1030 810 tumulo,

254 820 364 858 clara
383 818 542 857 colonia
560 818 798 864 Vettoniae,

255 888 380 926 quam
399 873 676 911 memorabilis
697 875 827 911 amnis
847 873 941 911 Ana

254 931 456 981 praeterit
477 933 520 966 et
539 927 744 965 viridante
762 941 891 979 rapax

253 986 420 1036 gurgite
440 984 604 1021 moenia
622 982 793 1033 pulchra
811 982 924 1020 lavit.
1022 1026 1031 1034 ⁶
1293 985 1366 1022 190

306 1038 386 1083 hic,
406 1038 476 1076 ubi
495 1050 699 1075 marmore
718 1039 934 1088 perspicuo

255 1095 360 1132 atria
377 1093 555 1130 luminat
574 1092 683 1129 alma
701 1094 811 1130 nitor

255 1154 298 1186 et
318 1149 559 1199 peregrinus
580 1152 624 1185 et
642 1146 852 1198 indigena,

253 1203 461 1253 relliquias
482 1204 723 1252 cineresque
742 1214 876 1239 sacros

253 1262 392 1295 servat
409 1256 559 1294 humus
579 1255 816 1294 veneranda
834 1258 938 1294 sinu.
1290 1257 1364 1296 195

305 1317 421 1350 tecta
439 1323 606 1349 corusca
625 1323 749 1361 super
767 1310 940 1349 rutilant

254 1367 307 1405 de
325 1366 589 1418 laquearibus
609 1365 783 1403 aureolis

253 1434 436 1472 saxaque
456 1433 577 1458 caesa
595 1419 727 1458 solum
746 1422 920 1466 variant,

254 1475 421 1514 floribus
440 1481 488 1513 ut
506 1474 718 1513 rosulenta
736 1480 859 1526 putes

253 1536 374 1582 prata
392 1530 611 1568 rubescere
630 1529 897 1568 multimodis.
1288 1532 1366 1570 200

306 1586 463 1636 carpite
482 1597 710 1636 purpureas
730 1583 856 1622 violas

254 1642 587 1692 sanguineosque
606 1652 743 1677 crocos
763 1641 924 1677 metite.

254 1709 336 1733 non
356 1700 470 1733 caret
487 1693 551 1732 his
569 1693 744 1746 genialis
763 1693 909 1739 hiems,

254 1750 369 1787 laxat
389 1755 433 1787 et
453 1761 550 1786 arva
568 1754 717 1799 tepens
736 1747 903 1800 glacieS‚

254 1803 420 1842 floribus
440 1809 488 1841 ut
507 1802 691 1841 cumulet
710 1802 907 1841 calathos
1289 1805 1365 1844 205

305 1861 386 1896 ista
405 1858 664 1896 comantibus
684 1870 707 1895 e
727 1856 834 1895 foliis

253 1925 440 1958 munera,
460 1915 574 1964 virgo
594 1925 793 1963 puerque,
813 1911 925 1951 date.

254 1973 319 2006 ast
338 1980 417 2020 ego
436 1972 548 2005 serta
566 1966 689 2004 choro
707 1969 750 2004 in
769 1966 908 2006 medio

253 2027 375 2061 texta
393 2021 525 2060 feram
544 2021 652 2073 pede
672 2020 891 2074 dactylico,

152 2109 222 2149 154
