1456 2358
580 116 944 158 PRUDENTIUS

207 223 310 261 haec
329 223 400 261 ubi
418 222 596 275 legatus,
614 222 796 261 reddunt
814 222 1088 274 placidissima
1106 221 1281 268 fratrum
1347 245 1351 248 ·

156 291 227 316 ora
245 277 419 316 ducum:
454 277 477 291 “
494 279 642 315 scimus
662 290 787 328 quam
806 279 859 316 sit
879 279 1047 315 victoria
1065 277 1194 316 dulcis

155 331 345 378 fortibus,
364 332 572 370 Ausoniae
592 334 652 369 vir
671 331 960 379 facundissime
978 332 1159 384 linguae,
1283 374 1286 377 .

156 387 230 426 sed
249 387 397 438 quibus
415 386 487 425 illa
504 386 650 431 modis,
670 399 752 438 qua
771 388 824 425 sit
842 389 1001 425 ratione
1020 386 1230 425 vocanda
1321 387 1373 427 20
1409 423 1422 428 ,

156 444 366 486 novimus3
398 441 476 479 hac
494 443 673 492 primum
691 454 839 492 pueros
858 447 978 506 pater
996 442 1146 479 imbuit
1164 446 1270 488 arte,

156 495 262 534 hanc
280 498 469 548 genitore
489 509 562 534 suo
581 495 726 534 didicit
743 508 847 547 puer
865 498 953 547 ipse
971 497 1181 548 magistro.

157 565 240 589 non
251 552 352 596 aris,
371 564 454 589 non
473 549 580 588 farre
599 550 734 588 molae
753 553 922 589 victoria
941 549 1040 588 felix

159 611 330 644 exorata
348 607 485 643 venit:
518 605 661 643 labor
651 607 826 657 mpiger,
847 618 992 657 aspera
1010 607 1152 651 virtus,

160 663 217 698 vis
238 662 362 698 animi
382 659 602 705 excellens,
623 659 756 705 ardor,
775 659 984 705 violentia,
1002 673 1100 698 cura
1324 660 1375 705 25

158 714 264 753 hanc
283 715 486 760 tribuunt,
506 714 654 752 durum
674 714 900 753 tractandis
919 715 1042 753 robur
1059 716 1102 752 in
1122 716 1256 753 armis.

159 782 266 821 quae
286 771 319 807 si
338 768 547 808 defuerint
566 768 830 814 bellantibus,
851 782 975 807 aurea
995 771 1179 821 quamvis

159 837 388 862 marmoreo
407 826 450 862 in
469 823 626 875 templo
645 823 788 862 rutilas
807 824 988 862 Victoria
1005 826 1151 875 pinnas

160 879 341 930 explicet
361 884 404 917 et
423 878 563 916 multis
583 884 726 930 surgat
744 877 921 917 formata
940 878 1122 924 talentis,

160 947 242 972 non
263 933 409 979 aderit,
429 936 637 984 versisque
657 931 811 971 offensa
829 933 1037 972 videbitur
1054 932 1196 972 hastis.
1326 934 1377 973 30

160 988 274 1040 quid,
292 988 424 1033 miles,
443 990 615 1039 propriis
635 987 787 1026 diffisus
806 988 957 1026 viribus
978 993 1095 1039 aptas

159 1045 284 1082 inrita
302 1042 508 1081 femineae
528 1043 694 1081 tibimet
713 1042 862 1080 solacia
881 1041 1065 1081 formae?

160 1111 387 1149 numquam
405 1100 665 1149 pinnigeram
683 1097 792 1149 legio
811 1096 966 1135 ferrata
983 1096 1165 1149 puellam

160 1152 278 1198 vidit,
299 1152 568 1190 anhelantum
586 1157 753 1203 regeret
772 1165 879 1203 quae
898 1151 985 1190 tela
1003 1154 1192 1190 virorum.

160 1207 350 1245 vincendi
364 1209 525 1257 quaeris
539 1206 776 1245 dominam?
790 1220 863 1244 sua
877 1206 1051 1244 dextera
1063 1208 1211 1258 cuique
1225 1211 1304 1252 est,
1327 1207 1379 1247 35

162 1267 206 1300 et
226 1262 341 1300 Deus
362 1263 636 1313 omnipotens,
655 1275 738 1299 non
756 1274 864 1312 pexo
884 1263 994 1299 crine
1013 1263 1154 1313 virago

161 1330 238 1355 nec
256 1316 367 1354 nudo
387 1329 585 1367 suspensa
602 1315 710 1367 pede
730 1315 996 1367 strophioque
1015 1318 1197 1357 recincta

162 1384 239 1409 nee
258 1370 438 1409 tumidas
458 1370 650 1409 fluitante
669 1372 760 1408 sinu
779 1372 931 1408 vestita
950 1370 1136 1422 papillas.

162 1431 235 1464 aut
255 1439 324 1464 vos
344 1427 549 1476 pictorum
568 1425 708 1463 docuit
726 1438 872 1463 manus
892 1424 1147 1463 adsimulatis

162 1482 250 1518 iure
270 1486 488 1531 poetarum
507 1493 661 1518 numen
680 1492 911 1530 conponere
930 1481 1135 1525 monstris,
1327 1479 1379 1519 40

163 1540 235 1573 aut
254 1534 391 1586 lepida
411 1548 463 1572 ex
482 1540 619 1572 vestro
639 1536 813 1585 sumpsit
832 1536 991 1585 pictura
1010 1533 1159 1572 sacello

163 1589 274 1641 quod
293 1591 412 1627 variis
431 1591 595 1627 imitata
614 1591 721 1627 notis
741 1601 917 1640 ceraque
935 1588 1111 1640 liquenti

211 1768 405 1800 “Ausonia
431 1779 503 1800 was
531 1767 695 1810 properly
717 1767 779 1800 the
807 1770 957 1809 country
984 1766 1025 1799 of
1047 1766 1109 1799 the
1135 1766 1295 1799 Ausones
1322 1767 1378 1807 (or

166 1812 334 1851 Aurunci)
354 1813 390 1844 in
411 1811 542 1845 central
563 1811 676 1854 Italy3
710 1811 776 1844 but
794 1811 855 1844 the
875 1821 978 1844 name
998 1821 1095 1844 came
1114 1814 1153 1843 to
1172 1810 1216 1843 be
1234 1809 1378 1853 applied

165 1859 203 1888 to
220 1856 282 1888 the
299 1856 410 1888 whole
427 1855 620 1898 peninsula.

214 1900 226 1920 ⁶
250 1900 323 1932 The
336 1899 427 1932 mola
441 1899 544 1937 salsa,
561 1910 582 1931 a
598 1899 751 1932 mixture
766 1899 807 1931 of
817 1898 970 1942 parched
984 1899 1083 1941 grain
1097 1898 1168 1931 and
1182 1898 1251 1931 salt
1264 1897 1379 1931 which

165 1955 235 1976 was
209 1943 563 2029 οἷ’ῐῖιὲζηξῗειῖτῖἓὺξξῐθι
574 1942 1316 2038 axilggfaldet‘'effiggsserddwirliltlsiafflixlistlzerations
1340 1984 1382 2019 of

165 2035 301 2064 statues
317 2031 358 2064 of
370 2031 516 2073 Victory
531 2031 671 2073 (Nice)
662 2041 698 2063 1n
715 2042 736 2063 a
753 2030 961 2077 Dictionary
976 2030 1017 2063 of
1028 2029 1255 2076 Antiquities

165 2095 189 2136 8
