1456 2358
177 2100 248 2150 ¹76

588 116 950 158 PRUDENTIUS

267 238 454 278 conpago
474 225 606 264 donec
625 238 792 263 ossuum

267 279 427 318 divulsa
445 280 711 318 membratim
730 284 886 330 crepet.

319 334 511 387 posthinc
529 333 674 372 hiulcis
692 333 843 372 ictibus

268 389 425 428 nudate
445 394 653 427 costarum
672 388 830 433 abdita,

268 450 317 482 ut
335 456 410 495 per
426 443 608 481 latebras
624 442 639 467 1
658 442 875 481 vulnerum

270 501 384 537 iecur
401 503 608 536 retectum
627 495 848 549 palpitet.'’

322 552 487 591 ridebat
504 551 608 590 haec
626 551 744 590 miles
765 551 846 590 Dei

271 621 417 646 manus
437 612 628 645 cruentas
647 609 862 657 increpans

271 662 383 714 quod
402 661 484 700 fixa
502 675 584 700 non
603 660 846 713 profundius

271 720 447 756 intraret
467 722 579 754 artus
599 715 767 768 ungula.

273 775 277 779 '
325 784 372 809 ac
390 773 473 809 iam
492 784 613 809 omne
632 770 757 808 robur
775 769 944 808 fortium

273 825 538 864 eviscerando
556 830 750 870 cesserat,

272 883 467 933 nisusque
487 879 658 918 anhelus
677 879 856 918 solverat

273 935 401 974 fessos
419 934 667 973 lacertorum
685 939 808 972 toros.

326 995 390 1029 ast
407 989 478 1027 ille
497 994 617 1028 tanto
634 988 782 1027 laetior

273 1047 385 1083 omni
403 1049 622 1082 vacantem
640 1042 781 1082 nubilo

274 1098 454 1138 frontem
473 1111 662 1137 serenam
679 1097 857 1136 luminat

274 1159 333 1200 te,
352 1153 530 1199 Christe,
548 1158 814 1204 praesentem
831 1151 988 1190 videns.

327 1207 350 1222 “
371 1210 461 1260 quis
479 1207 617 1246 vultus
635 1209 729 1253 iste,
748 1220 822 1258 pro
840 1205 995 1258 pudor!
1014 1204 1040 1220 '⁹

276 1263 480 1302 Datianus
501 1262 640 1300 aiebat
658 1260 812 1307 furens,

276 1317 298 1331 “
317 1317 489 1370 gaudet,
507 1316 685 1362 renidet,
704 1321 900 1367 provocat

275 1377 432 1411 tortore
450 1377 585 1410 tortus
605 1371 754 1409 acrior!

327 1426 385 1465 nil
402 1425 473 1464 illa
490 1428 550 1464 vis
570 1427 753 1464 exercita

276 1487 342 1520 tot
359 1483 575 1519 noxiorum
593 1480 794 1518 mortibus

277 1548 411 1589 agone
429 1538 472 1573 in
490 1537 570 1573 isto
589 1533 763 1587 proficit,

277 1604 342 1629 ars
362 1596 406 1629 et
423 1589 611 1628 dolorum
629 1591 818 1628 vincitur.

328 1644 403 1683 sed
421 1657 506 1690 vos,
525 1643 680 1682 alumni
698 1645 885 1689 carceris,

277 1713 351 1752 par
369 1711 533 1750 semper
550 1700 749 1736 invictum
767 1697 883 1744 mihi,

277 1753 469 1793 cohibete
488 1753 659 1804 paulum
677 1752 888 1799 dexteras,

277 1810 453 1860 respiret
472 1813 519 1846 ut
536 1807 665 1846 lassus
683 1809 810 1859 vigor.

329 1864 537 1916 praesicca
554 1875 692 1901 rursus
711 1861 862 1908 ulcera,

277 1917 377 1956 dum
396 1930 440 1955 se
460 1918 628 1955 cicatrix
647 1916 804 1968 colligit

278 1971 512 2024 refrigerati
530 1973 753 2023 sanguinis,

278 2039 423 2065 manus
442 2025 649 2065 resulcans
668 2023 850 2064 diruet.”

1303 441 1378 481 115

1305 713 1382 754 120

1306 987 1382 1028 125

1305 1260 1381 1299 130

1309 1534 1383 1574 135

1309 1805 1385 1846 140
