1456 2358
566 129 929 172 PRUDENTIUS

136 236 235 275 inde
254 238 490 274 ministeriis
511 236 563 275 ad
581 241 647 274 tot
666 235 948 274 moderamina
965 234 1109 274 mundi

138 304 221 330 non
242 304 360 342 egeo,
379 304 456 328 nec
475 292 696 342 participes
715 292 896 328 sociosve
914 291 1090 342 requiro.

138 359 259 397 porro
279 351 422 383 autem
441 345 647 397 angelicas
667 344 865 396 legiones,
884 357 985 396 quas
1003 357 1099 383 mea
1115 343 1217 383 fecit

139 399 328 445 dextera,
348 413 467 438 nosse
487 413 627 437 meum
648 405 725 444 est,
746 405 789 438 et
808 412 916 451 quae
934 404 1084 437 natura
1102 401 1254 441 creatis*
1293 440 1297 441 ⁷

139 455 338 493 subsistat
357 454 583 506 qualesque
602 453 703 492 mihi
722 459 937 492 serventur
956 453 1009 492 ad
1027 467 1136 492 usus.
1263 454 1358 496 *235

139 515 187 547 tu
206 522 273 547 me
292 511 519 560 praeterito
538 508 750 547 meditaris
770 510 939 546 numina
957 508 1084 554 mille,

140 577 248 615 quae
268 563 434 602 simules
453 577 598 615 parere
618 565 720 602 meis
739 563 974 608 virtutibus,
993 568 1041 601 ut
1059 575 1126 601 me

139 631 214 669 per
233 620 364 656 varias
383 624 522 670 partes
542 620 716 663 minuas,
735 620 801 656 cui
819 617 933 655 nulla
950 617 1077 656 recidi

140 686 234 724 pars
254 678 327 711 aut
345 672 477 711 forma
495 678 649 724 potest,
669 675 766 723 quia
784 686 875 710 sum
894 673 1125 710 substantia
1143 671 1333 723 simplex,

140 741 216 765 nec
235 741 328 778 pars
349 741 437 765 esse
458 741 576 778 queo.
633 726 727 765 solis
746 727 889 765 divisio
908 727 1030 765 rebus
1279 727 1356 766 240

141 784 362 833 conpositis
382 781 585 833 factisque
605 782 770 826 subest3
803 794 871 819 me
890 794 1012 819 nemo
1032 782 1200 827 creavit,

141 842 188 875 ut
208 837 337 875 scindi
357 836 516 875 valeam
535 842 776 874 cunctorum
795 835 982 874 conditor
1001 849 1118 874 unus.

141 891 278 936 crede,
299 891 409 942 quod
430 904 480 929 ex
500 891 626 929 nihilo
646 890 831 936 formavi,
850 904 944 942 pars
963 903 1057 928 mea
1075 904 1157 928 non
1177 895 1254 928 est.

142 959 270 997 quare
290 959 382 997 age,
402 946 599 991 mortalis,
619 945 693 983 soli
712 945 812 983 mihi
831 950 1022 983 construe
1041 944 1259 996 templum,

143 1013 293 1051 meque
314 1014 442 1038 unum
461 1013 657 1038 venerare
679 1000 829 1038 Deum.
885 1005 1103 1037 caementa
1122 1001 1305 1045 remitto,

144 1061 187 1093 et
207 1068 313 1106 quae
334 1069 433 1092 saxa
453 1053 576 1092 Paros
597 1060 711 1092 secat
731 1060 774 1092 et
794 1067 900 1105 quae
921 1052 1075 1092 Punica
1093 1056 1220 1105 rupis,
1285 1054 1361 1094 246

143 1123 250 1160 quae
267 1109 404 1148 viridis
423 1109 711 1147 Lacedaemon
726 1108 856 1147 habet
871 1108 1160 1160 maculosaque
1177 1107 1340 1160 Synna;

143 1167 329 1202 nativum
348 1177 470 1202 nemo
490 1164 645 1215 scopuli
663 1163 764 1201 mihi
783 1163 949 1202 dedicet
968 1169 1136 1201 ostrum.

143 1219 346 1270 templum
366 1221 517 1257 mentis
538 1232 644 1264 amo,
664 1232 746 1255 non
764 1220 999 1256 marmoris:
1034 1231 1158 1256 aurea
1176 1220 1219 1255 in
1236 1217 1307 1256 illo

143 1273 416 1311 fundamenta
435 1279 607 1311 manent
627 1272 745 1317 fidei3
779 1278 986 1311 structura
1004 1271 1128 1310 nivali
1285 1273 1361 1313 250

143 1330 353 1379 consurgit
371 1330 531 1379 pietate
551 1330 702 1372 nitens,
721 1329 830 1378 tegit
850 1326 978 1365 ardua
996 1326 1160 1365 culmen

143 1385 315 1427 iustitia,
334 1385 506 1421 interius
526 1384 684 1434 spargit
702 1381 788 1420 sola
807 1384 919 1433 picta
936 1382 1103 1420 rubenti

143 1436 242 1475 flore
262 1437 486 1488 pudicitiae
505 1437 638 1488 pudor
657 1436 787 1474 almus
808 1442 852 1475 et
871 1438 976 1474 atria
995 1442 1143 1475 servat.

144 1491 247 1529 haec
282 1491 428 1530 domus
465 1497 563 1542 apta
597 1491 698 1529 mihi
734 1496 811 1537 est,
845 1490 948 1529 haec
982 1503 1051 1529 me
1088 1490 1364 1542 pulcherrima

254 1546 373 1584 sedes

144 1602 306 1651 accipit,
327 1606 497 1638 aeterno
517 1599 769 1650 caelestique
788 1598 952 1650 hospite
971 1599 1108 1651 digna.
1285 1601 1361 1640 255

143 1668 220 1692 nec
239 1668 366 1693 novus
386 1654 451 1692 hic
469 1654 581 1692 locus
602 1660 688 1698 est3
722 1653 842 1691 fluxit
861 1666 955 1691 mea
972 1653 1102 1705 gloria
1120 1656 1162 1692 in
1181 1659 1294 1692 artus

145 1715 188 1747 et
207 1709 278 1747 lux
298 1723 395 1748 vera
415 1709 507 1747 Dei.
565 1708 679 1747 Deus
698 1708 932 1747 inlustravit
951 1708 1160 1746 alumnam

144 1767 376 1810 materiem,
395 1777 624 1815 corpusque
643 1776 792 1815 parens
811 1762 1038 1802 habitabile
1057 1762 1157 1802 fecit

191 1917 206 1932 ⁶
229 1912 410 1954 Augustus
426 1911 573 1944 claimed
588 1911 670 1944 that
685 1911 728 1944 he
744 1911 856 1943 found
871 1911 983 1943 Rome
998 1921 1020 1943 a
1036 1910 1110 1953 city
1124 1910 1165 1943 of
1175 1910 1274 1944 brick
1288 1911 1360 1944 and

143 1956 208 1988 left
231 1956 260 1988 it
283 1967 305 1987 a
329 1956 403 1998 city
426 1956 466 1987 of
486 1955 629 1988 marble.
677 1955 799 1988 Under
821 1954 883 1987 the
906 1965 1082 1997 emperors
1105 1965 1127 1987 a
1150 1965 1237 1997 very
1259 1958 1359 1998 great

145 2000 284 2041 variety
302 1999 342 2032 of
356 1999 517 2037 marbles,
537 1998 743 2042 porphyries
762 1999 833 2031 and
850 1998 952 2031 other
970 1998 1134 2031 coloured
1150 2001 1273 2031 stones*
1288 2009 1360 2032 was

144 2044 241 2081 used,
271 2043 447 2086 generally
475 2043 530 2076 for
557 2043 673 2087 facing
701 2043 763 2075 the
791 2042 887 2075 walls
916 2042 957 2075 of
980 2042 1128 2086 temples
1156 2043 1228 2076 and
1256 2042 1359 2076 other

145 2119 192 2155 24
