1456 2358
609 128 972 171 PRUDENTIUS

506 235 585 275 III.
615 249 669 274 m:
697 236 787 274 Nor:
815 249 866 274 ΕΤ
894 236 1074 275 Damno

236 308 393 346 Nuntia
412 308 556 347 diluvii
574 310 657 346 iam
676 308 951 347 decrescentis
972 308 1025 347 ad
1044 322 1180 347 aream

182 377 253 401 ore
272 363 464 401 columba
482 362 611 402 refert
630 376 791 401 ramum
809 362 1022 402 viridantis
1042 363 1187 403 olivae.
1351 366 1400 406 10

183 431 326 456 corvus
346 420 457 456 enim
475 417 658 470 ingluvie
676 430 752 469 per
770 417 894 456 foeda
912 418 1114 457 cadavera
1132 424 1278 471 captus

182 472 398 518 haeserat3
430 472 503 510 illa
521 472 646 511 datae
665 471 827 511 revehit
845 486 951 511 nova
969 473 1123 525 gaudia
1140 476 1266 526 pacis.

381 604 451 643 IV.
482 617 535 643 m:
563 604 775 643 ABRAHAM
804 617 855 643 ET
883 605 1083 644 Hospmo
1111 618 1201 645 mos

237 676 475 728 Hospitium
521 676 598 714 hoc
645 676 814 715 Domini
859 682 938 722 est,
983 677 1067 715 ilex
1113 677 1184 716 ubi
1228 676 1402 717 frondea

291 730 510 769 Mambrae

184 786 414 824 armentale
433 789 542 824 senis
560 788 745 837 protexit
763 786 950 831 culmen3
983 789 1026 824 in
1044 789 1125 825 ista

184 844 273 879 risit
292 840 413 879 Sarra
431 854 526 879 casa
544 841 696 879 subolis
715 841 793 879 sibi
810 841 964 893 gaudia
981 854 1073 880 sera
1353 843 1400 883 15

184 895 280 933 ferri
301 901 345 934 et
365 895 624 947 decrepitum
644 898 700 934 sic
720 896 888 934 credere
909 908 1029 947 posse
1050 898 1259 935 maritum.

499 1025 547 1063 V.
580 1024 891 1064 MONUMENTUM
920 1024 1084 1064 SARRAE

238 1096 451 1135 Abraham
470 1102 677 1135 mercatus
697 1111 857 1149 agrum,
875 1099 942 1134 cui
960 1097 1159 1136 conderet
1177 1110 1268 1136 ossa

185 1154 383 1204 coniugis,
402 1154 445 1189 in
465 1154 585 1190 terris
606 1155 801 1203 quoniam
820 1154 1040 1204 peregrina
1058 1157 1244 1190 moratur

184 1208 343 1244 iustitia
360 1212 488 1257 atque
508 1206 609 1244 fides
624 1219 633 1244 :
665 1206 742 1245 hoe
759 1206 820 1244 illi
837 1206 1002 1245 milibus
1021 1212 1210 1258 emptum

184 1261 412 1312 spelaeum,
430 1266 598 1299 sanctae
616 1263 779 1312 requies
799 1261 869 1299 ubi
885 1266 1007 1312 parta
1023 1260 1188 1300 favillae
1207 1266 1283 1300 est.
1351 1262 1402 1301 20

509 1390 567 1428 VI
572 1421 580 1429 .
611 1390 807 1428 Sommm
837 1389 1074 1442 Pmmoms

239 1462 306 1500 Bis
326 1467 490 1513 septem
509 1464 660 1513 spicae,
679 1475 828 1500 vaccae
847 1462 1025 1500 totidem
1045 1460 1248 1501 Pharaoni

188 1530 262 1568 per
281 1530 471 1555 somnum
490 1519 602 1555 visae
620 1517 879 1568 portendunt
897 1517 1061 1568 dispare
1080 1515 1213 1555 forma

188 1572 325 1610 uberis
346 1577 473 1622 atque
493 1570 612 1610 famis
632 1571 808 1623 duoper
827 1574 1046 1623 septennia
1063 1577 1230 1623 tempus

186 1629 366 1671 instare3
399 1626 476 1664 hoe
494 1626 616 1664 solvit
634 1626 868 1677 patriarcha
886 1629 1116 1678 interprete
1136 1625 1311 1664 Christo.

230 1745 246 1760 ⁰
270 1739 324 1783 Of.
345 1740 488 1773 Genesis
506 1741 580 1779 viii,
601 1741 700 1773 7—11.
747 1740 945 1783 Augustino
964 1739 1201 1781 (Quaestiones
1217 1740 1258 1773 in
1275 1740 1404 1782 Hepta-

185 1784 353 1823 teuchum,
368 1785 397 1823 Ι,
415 1786 470 1826 13)
485 1795 566 1827 says
579 1784 641 1817 the
656 1785 819 1826 question
832 1795 904 1817 was
917 1784 1016 1817 often
1029 1784 1139 1817 asked
1151 1784 1248 1817 what
1260 1784 1406 1817 became

186 1828 228 1861 of
238 1828 300 1860 the
316 1839 436 1867 raven,
453 1829 547 1861 since
562 1828 624 1861 the
641 1828 731 1860 dove
747 1831 826 1861 sent
841 1831 906 1860 out
921 1828 1014 1860 after
1028 1828 1058 1860 it
1072 1828 1240 1861 returned
1256 1827 1405 1861 because

186 1871 277 1904 she‘
283 1872 417 1905 ‘found
436 1883 483 1905 no
500 1875 573 1905 rest
591 1872 647 1904 for
664 1872 726 1904 the
745 1872 816 1904 sole
835 1872 876 1904 of
891 1872 956 1904 her
974 1871 1087 1910 footss’
1107 1872 1179 1904 and
1198 1882 1308 1914 many
1323 1881 1404 1904 con-

187 1916 347 1956 jectured
360 1916 443 1948 that
456 1916 518 1948 the
531 1926 640 1948 raven
654 1915 726 1948 had
739 1915 869 1948 settled
883 1926 929 1948 on
943 1926 965 1947 a
979 1915 1154 1958 (floating)
1169 1915 1276 1958 body,
1290 1913 1404 1948 which

188 1959 250 1991 the
266 1959 357 1991 dove
372 1960 489 1992 would
505 1963 570 1992 not
585 1960 642 1992 do.

233 2001 247 2022 ὂ
271 2003 415 2036 Genesis
428 2004 526 2036 xviii.

236 2046 417 2080 ‘Genesis
433 2048 531 2080 xxiii.
786 2046 801 2068 ὖ
826 2046 970 2080 Genesis
983 2046 1043 2080 xli.

191 2111 265 2160 348
