1456 2358
558 141 921 183 PRUDENTIUS

126 260 223 285 nam
241 247 396 285 resides
417 247 666 299 quandoque
686 247 796 287 faces
816 248 981 288 adolere
999 249 1142 290 licebit
1246 253 1347 292 1076

125 300 318 353 festaque
338 302 559 354 decrepitis
579 303 808 342 obtendere
827 303 1021 343 flammea
1038 308 1173 351 canis3

125 362 314 408 tempore
333 359 587 408 praescripto
606 358 794 396 membra
811 361 1063 398 intemerata
1081 363 1294 412 requirens

123 411 296 449 tandem
315 414 543 463 virgineam
562 411 723 451 fastidit
741 412 871 452 Vesta
889 412 1114 453 senectam.

122 465 223 504 dum
241 465 433 504 thalamis
452 466 599 504 habilis
618 469 774 506 tumuit
792 470 920 520 vigor,
938 470 1062 508 inrita
1079 469 1215 509 nullus
1244 471 1345 512 1080

123 519 364 559 fecundavit
384 535 498 559 amor
516 527 706 560 materno
725 524 881 561 viscera
897 529 1044 574 partu3

122 575 242 613 nubit
262 589 364 613 anus
383 578 582 614 veterana
601 590 715 615 sacro
733 576 954 628 perfuncta
970 578 1126 624 labore,

121 629 380 682 desertisque
400 629 513 676 focis,
534 631 682 682 quibus
703 637 767 670 est
785 630 988 671 famulata
1005 635 1210 680 iuventas,

120 683 319 723 transfert
340 687 533 723 emeritas
554 685 607 724 ad
625 684 756 724 fulcra
773 686 928 739 iugalia
945 701 1083 740 rugas,

119 739 240 778 discit
261 745 305 778 et
323 742 366 777 in
384 740 523 792 gelido
542 754 649 778 nova
666 747 800 792 nupta
817 747 1032 793 tepescere
1051 742 1174 782 lecto.
1242 746 1342 786 1085

119 796 280 832 interea
299 794 399 832 dum
418 800 530 834 torta
548 809 674 847 vagos
692 795 797 847 ligat
815 795 947 835 infula
964 799 1096 836 crines

119 847 352 900 fatalesque
373 849 514 888 adolet
531 863 684 901 prunas
702 853 879 902 innupta
898 851 1101 898 sacerdos,

118 902 251 941 fertur
269 917 343 955 per
362 903 519 942 medias
539 910 587 943 ut
605 905 770 956 publica
789 919 941 958 pompa
959 906 1120 958 plateas

117 958 276 1009 pilento
295 959 478 997 residens
498 959 626 1005 molli,
646 973 774 1011 seque
793 973 863 998 ore
882 967 1043 1000 retecto

117 1015 285 1064 inputat
305 1016 511 1052 attonitae
530 1016 644 1066 virgo
664 1015 901 1066 spectabilis
920 1016 1024 1054 urbi.
1240 1019 1341 1059 1090

117 1067 214 1106 inde
234 1068 287 1106 ad
306 1081 542 1107 consessum
561 1082 712 1107 caveae
731 1069 864 1121 pudor
882 1070 1013 1109 almus
1033 1076 1077 1109 et
1097 1084 1244 1123 expers

117 1125 328 1174 sanguinis
347 1125 381 1161 it
399 1125 534 1174 pietas
553 1123 767 1162 hominum
786 1127 921 1163 visura
939 1131 1131 1164 cruentos

117 1190 358 1229 congressus
378 1183 616 1230 mortesque
637 1184 680 1217 et
699 1179 871 1217 vulnera
889 1179 1059 1218 vendita
1076 1186 1200 1232 pastu

117 1238 356 1283 spectatura
375 1235 497 1271 sacris
517 1233 656 1271 oculis.
711 1233 831 1272 sedet
850 1234 921 1272 illa
939 1235 1128 1274 verendis

117 1289 315 1325 vittarum
333 1289 503 1339 insignis
522 1287 700 1339 phaleris
720 1287 953 1340 fruiturque
971 1289 1142 1329 lanistis,
1238 1293 1338 1333 1095

116 1355 140 1379 o
160 1347 352 1380 tenerum
371 1345 600 1394 mitemque
621 1343 825 1381 animum!
861 1347 1071 1396 consurgit
1090 1344 1143 1383 ad
1161 1347 1267 1384 ictus

116 1402 174 1441 et,
194 1399 386 1447 quotiens
405 1399 534 1435 victor
552 1396 708 1435 ferrum
727 1398 868 1449 iugulo
886 1401 1044 1444 inserit,
1062 1399 1135 1438 illa

115 1450 282 1489 delicias
302 1454 361 1489 ait
381 1464 471 1490 esse
490 1464 598 1497 suas,
617 1457 847 1504 pectusque
866 1455 1039 1492 iacentis

115 1507 228 1557 virgo
247 1506 438 1544 modesta
455 1506 574 1545 iubet
592 1520 787 1545 converso
806 1507 954 1558 pollice
972 1511 1122 1560 rumpi,

114 1573 166 1598 ne
186 1560 318 1599 lateat
336 1574 431 1612 pars
450 1561 535 1599 ulla
553 1564 716 1599 animae
735 1562 928 1601 vitalibus
946 1565 1052 1609 imis,
1235 1567 1336 1606 1100

160 1711 175 1727 ⁶
199 1707 272 1740 The
300 1707 420 1740 Vestal
449 1707 553 1740 could
580 1707 685 1741 retire
712 1708 784 1741 and
812 1719 929 1751 marry
957 1709 1050 1742 after
1076 1709 1192 1754 thirty
1218 1711 1331 1754 years’

113 1752 257 1790 service,
284 1752 351 1784 but
375 1751 563 1794 according
588 1755 627 1784 to
653 1752 822 1785 Plutarch
847 1754 992 1794 (Numa,
1021 1755 1077 1795 10)
1102 1754 1170 1787 few
1194 1755 1256 1788 did
1280 1767 1331 1790 sc.

113 1795 258 1828 Tacitus
285 1795 447 1836 (Annals,
476 1796 526 1835 ΙΙ,
555 1796 612 1837 86)
639 1797 780 1829 records
806 1807 853 1829 an
878 1797 1038 1831 instance
1065 1798 1106 1830 of
1127 1798 1331 1841 fifty-seven

112 1840 224 1881 years'
242 1840 385 1872 service.

161 1883 175 1903 δ
199 1883 400 1916 Gladiators
422 1894 510 1916 were
533 1884 734 1927 commonly
755 1884 880 1924 slaves,
904 1885 1073 1925 convicts,
1096 1897 1135 1919 or
1156 1887 1331 1929 prisoner-s

111 1927 152 1959 of
165 1938 247 1965 war,
267 1928 333 1960 but
349 1928 386 1959 in
404 1927 563 1970 imperial
581 1928 685 1960 times
702 1929 802 1961 there
819 1940 908 1962 were
925 1929 1000 1962 also
1017 1929 1232 1970 volunteers,
1250 1931 1330 1965 who

113 1972 272 2004 received
305 1972 390 2004 food
423 1972 495 2004 and
529 1982 654 2015 wages.
702 1972 800 2015 They
833 1983 923 2006 were
956 1973 1095 2006 trained
1127 1975 1165 2007 in
1198 1975 1329 2018 special

111 2015 248 2048 schools
267 2015 339 2048 and
356 2015 455 2048 hired
472 2019 547 2048 out.
596 2016 649 2058 Cf.
669 2016 730 2049 the
749 2016 901 2050 bestiarii
918 2021 957 2051 to
974 2017 1091 2051 whom
1108 2018 1281 2053 reference
1298 2020 1328 2053 is

111 2059 214 2092 made
229 2060 266 2092 in
282 2060 440 2092 Ha‘mart.
458 2060 536 2093 372.

111 2134 157 2170 92
