1456 2358
159 2117 229 2155 118

596 137 958 179 PRUDENTIUS

275 243 471 282 ecclesiae
491 246 635 283 matris
653 257 779 295 penu,

274 312 375 350 quos
394 301 483 350 ipse
501 312 668 350 promus
687 305 871 338 noverat.

325 359 516 391 recenset
535 355 645 391 exim
665 353 846 406 singulos

273 408 454 446 scribens
473 409 626 446 viritim
643 411 824 454 nomina,

271 461 395 514 longo
416 468 460 501 et
477 462 633 501 locatos
652 463 795 501 ordine

273 517 438 555 adstare
457 530 532 569 pro
550 517 709 569 templo
727 518 858 557 iubet.

324 574 600 623 praescriptus
621 577 665 610 et
683 574 766 611 iam
784 571 963 612 fluxerat

271 626 382 664 dies:
417 625 584 665 furebat
603 625 784 666 fervidus

271 681 397 719 iudex
418 694 539 719 avaro
558 683 719 732 spiritu,

270 737 470 787 promissa
488 735 589 774 solvi
608 736 851 789 efflagitans.

322 795 414 828 tum
432 795 612 842 martyr:
647 790 671 804 ‘⁴
691 791 865 830 adsistas
885 791 1008 831 velim

270 847 490 897 coramque
510 845 728 896 dispositas
748 859 847 897 opes

269 901 433 945 mirere,
453 913 555 951 quas
574 905 716 938 noster
735 900 850 938 Deus

270 954 486 1006 praedives
504 956 548 991 in
566 957 718 993 sanctis
736 954 878 994 habet.

322 1008 479 1047 videbis
498 1011 645 1061 ingens
665 1012 816 1047 atrium

270 1062 430 1115 fulgere
449 1065 555 1101 vasis
575 1066 723 1110 aureis,

271 1123 315 1156 et
333 1131 408 1169 per
425 1123 621 1169 patentes
640 1121 820 1170 porticus

269 1177 447 1211 structos
466 1172 635 1211 talentis
655 1172 861 1212 ordines.''

320 1229 354 1265 it
372 1226 442 1265 ille
461 1240 538 1265 nec
556 1227 688 1279 pudet
706 1231 836 1280 sequi.

269 1287 441 1320 ventum
461 1282 514 1320 ad
532 1288 736 1321 sacratam
754 1285 935 1329 ianuam,

268 1336 438 1374 stabant
457 1342 648 1375 catervae
667 1350 912 1389 pauperum,

266 1390 423 1429 inculta
442 1393 530 1429 visu
550 1394 753 1430 examina.

319 1444 458 1497 fragor
475 1451 696 1498 rogantum
715 1446 897 1485 tollitur:

266 1499 502 1551 praefectus
520 1500 720 1539 horrescit
738 1507 924 1553 stupens,

266 1567 484 1593 conversus
502 1557 546 1593 in
566 1555 851 1602 Laurentium,

266 1609 475 1660 oculisque
495 1610 673 1649 turbatis
692 1612 845 1649 minax.

317 1669 461 1703 contra
478 1663 562 1710 ille,
582 1663 605 1677 “
625 1665 725 1716 quid
743 1664 980 1712 frendens,”
1001 1669 1073 1713 ait,

266 1717 289 1731 ‘⁶
308 1718 537 1757 minitaris?
572 1724 646 1758 aut
664 1719 764 1771 quid
782 1719 1000 1772 displicet?

264 1786 364 1811 num
383 1772 548 1812 sordida
565 1772 668 1812 haec
688 1780 761 1813 aut
779 1774 888 1820 vilia,

263 1840 364 1865 num
382 1827 625 1879 despuenda
644 1829 883 1868 existimas?

316 1895 475 1927 aurum,
495 1883 606 1934 quod
625 1883 820 1922 ardenter
838 1885 941 1930 sitis,

264 1935 409 1974 effossa
427 1939 606 1989 gignunt
623 1938 774 1976 rudera

264 1996 308 2029 et
326 1991 379 2029 de
398 1991 577 2030 metallis
595 1991 790 2044 squalidis

262 2045 446 2096 poenalis
466 2046 634 2085 excudit
653 2045 781 2093 labor,

1307 305 1383 344 160

1306 578 1381 618 165

1305 851 1380 890 170

1304 1124 1379 1164 175

1302 1398 1377 1437 180

1299 1670 1374 1711 185

1296 1943 1371 1982 190
