1456 2358
586 128 949 169 PRUDENTIUS

156 234 359 286 numquid
377 248 497 273 nosse
516 240 651 286 potes,
670 234 736 273 vel
754 236 1002 280 coniectare,
1021 237 1111 287 quis
1130 235 1242 274 istud

156 294 246 328 tam
264 289 405 336 sollers
425 288 564 341 opifex
585 295 719 328 struat
739 295 812 328 aut
831 302 939 340 quae
957 291 1016 327 vis
1036 295 1135 341 agat
1153 289 1293 328 intus?

157 343 214 381 nil
234 357 318 389 vos,
338 357 362 382 o
382 347 533 389 miseri,
553 343 815 395 physicorum
833 343 1031 395 dogmata
1049 343 1208 383 fallant.

158 411 211 436 en
231 411 310 450 ego
328 398 527 450 gignendi
548 399 750 437 Dominus
770 411 818 436 ac
837 399 1084 437 restituendi

158 453 270 504 quod
289 455 412 504 periit
431 452 635 504 fluxitque
654 458 817 504 potens,
838 455 998 491 arentia
1017 466 1207 505 quaeque
1301 455 1377 494 205

157 509 199 545 in
220 513 382 546 veteres
402 506 553 546 formas
574 513 647 545 aut
666 506 765 545 flore
785 513 858 546 aut
877 506 1023 546 fronde
1042 507 1216 553 redu003

157 561 284 613 idque
303 564 439 613 ipsum
459 562 707 614 quandoque
726 561 882 600 homini
901 561 1099 608 facturus,
1116 564 1229 601 inani

158 622 302 668 surgat
322 622 370 654 ut
390 630 441 654 ex
461 619 598 654 cinere
618 622 907 668 structuraque
926 619 1100 668 pristina
1118 622 1295 664 constet,

159 683 267 722 quae
287 671 387 709 mihi
406 685 480 722 pro
499 674 656 709 meritis
676 671 741 709 vel
759 684 834 722 per
852 677 1062 709 tormenta
1080 671 1285 723 rependat

158 727 330 764 crimina
349 726 413 763 vel
433 739 619 764 summae
638 728 801 764 virtutis
820 728 863 763 in
883 739 975 764 arce
994 731 1181 765 coruscet
1303 727 1379 767 210

159 793 242 818 non
260 783 446 831 peritura
465 780 613 818 dehinc
633 793 893 831 quacumque
911 783 955 818 in
974 786 1084 819 sorte
1103 781 1302 819 manebit.

158 837 335 880 interea,
355 834 455 873 dum
474 837 606 872 mixta
624 837 739 886 viget
758 835 991 873 substantia
1009 837 1052 873 in
1071 849 1215 881 unum,

160 892 214 927 sit
234 903 392 927 memor
411 891 587 927 auctoris
606 891 773 940 proprii,
792 895 1014 929 veneretur
1033 895 1077 928 et
1096 895 1187 929 oret

161 944 362 982 artificem
381 945 583 982 submissa
602 957 733 982 suum.
788 957 871 982 non
890 944 1075 982 condidit
1093 944 1199 983 alter

159 998 338 1037 halantis
359 1001 520 1036 animae
541 998 788 1050 figmentum
808 1004 852 1037 et
870 1001 1047 1050 corporis
1068 999 1186 1045 alter,
1304 1001 1380 1040 215

160 1066 236 1091 nec
256 1053 365 1091 bona
384 1056 614 1104 praesentis
634 1055 744 1091 vitae
764 1066 983 1091 numerosa
1000 1054 1237 1104 gubernant

160 1110 353 1152 numina;
382 1122 462 1145 non
483 1108 585 1145 alius
605 1113 770 1159 segetes
791 1113 835 1146 et
854 1110 992 1159 spicea
1010 1107 1119 1146 farra

159 1162 403 1213 subpeditat
422 1162 523 1200 deus
544 1168 607 1200 ast
623 1162 639 1186 ¹
659 1162 761 1200 alius
781 1161 855 1200 dat
873 1168 1011 1200 musta
1029 1165 1201 1201 racemis

159 1230 497 1268 purpureumque
516 1219 630 1268 gravi
650 1216 788 1254 fundit
806 1216 859 1255 de
878 1217 1050 1268 palmite
1070 1231 1225 1256 sucum.

159 1273 248 1322 ipse
269 1284 347 1323 ego
367 1285 471 1316 sum,
491 1271 640 1310 virides
660 1271 770 1309 oleas
790 1273 1060 1323 pinguescere
1078 1272 1190 1310 bacis
1305 1273 1382 1313 220

161 1328 232 1377 qui
251 1324 371 1371 facio,
392 1325 517 1364 Graia
536 1339 637 1376 quas
657 1324 827 1364 Pallade
846 1325 999 1378 fingitis
1019 1332 1144 1372 ortas,

162 1386 207 1418 et
226 1382 297 1431 qui
318 1380 493 1418 Lucinas
513 1381 651 1418 tribuo
670 1380 934 1419 nascentibus
952 1380 1085 1420 horas.

161 1434 317 1486 duplex
336 1435 429 1486 lege
449 1448 543 1473 mea
562 1448 636 1486 per
654 1440 801 1472 mutua
820 1433 989 1473 foedera
1008 1448 1130 1475 sexus

160 1491 333 1541 gignere
354 1494 467 1527 amat
486 1489 672 1527 subolem
691 1492 938 1540 generisque
956 1492 1182 1542 propagine
1201 1491 1382 1543 gaudet;

162 1556 288 1595 quem
308 1557 377 1582 vos
397 1544 555 1582 lascivis
575 1543 734 1582 violatis
756 1544 960 1582 amoribus
979 1546 1120 1596 ignem
1305 1547 1381 1586 225

163 1603 207 1637 et
226 1604 370 1649 stupra
390 1604 527 1636 vestra
546 1598 650 1636 deae
670 1598 842 1636 Veneris
861 1601 1105 1650 praetexitis
1124 1599 1282 1638 umbra.

161 1666 267 1691 unus
289 1665 366 1704 ego
387 1653 596 1691 elementa
614 1666 728 1704 rego,
747 1666 824 1691 nec
843 1653 951 1691 mole
969 1653 1133 1700 laboris,

161 1712 210 1746 ut
228 1710 351 1746 miser
370 1707 606 1745 infirmusve
626 1707 772 1758 aliquis
791 1706 1013 1759 fragilisve,
1031 1707 1195 1760 fatigor.

159 1762 231 1800 lux
251 1764 439 1800 inmensa
458 1761 558 1800 mihi
578 1768 642 1800 est
662 1768 706 1800 et
724 1776 806 1800 non
825 1762 1052 1801 resolubilis
1073 1769 1188 1802 aetas

161 1817 348 1855 sensibus
369 1822 412 1855 et
431 1819 575 1855 vestris
595 1816 707 1855 haud
725 1817 940 1856 intellecta
958 1823 1156 1857 vetustas.
1305 1820 1381 1859 230

314 1895 327 1915 ¹
351 1898 415 1928 aut
428 1896 608 1936 Ber-mmm,
624 1894 703 1927 with
715 1906 807 1928 some
822 1895 864 1928 M
866 1895 930 1928 SS.
946 1895 984 1938 of
993 1895 1068 1929 both
1082 1895 1216 1930 classe&

210 1998 226 2014 ⁰
249 1993 390 2026 Athena
414 1993 613 2034 (Minerva),
637 1994 930 2037 patron-goddess
953 1994 994 2027 of
1011 1994 1158 2033 Athens,
1181 1995 1295 2029 where
1317 1995 1380 2030 the

163 2036 256 2070 olive
272 2048 343 2070 was
359 2037 528 2080 regarded
543 2048 582 2070 as
599 2037 660 2070 her
675 2037 752 2080 gift.

164 2113 209 2138 22
