1456 2358
163 2109 236 2145 214

606 121 716 163 PRU
722 123 967 164 DENTIUS

747 268 827 307 VII

300 363 482 401 HvMNth
512 376 555 401 IN
585 364 796 403 HONOREM
825 365 1003 414 Qmmm
1033 366 1273 416 MARTYms,

439 418 632 456 Emscopx
660 419 882 458 Eccmsnm
910 421 1135 460 SischNAn.

335 497 539 536 INsmNEM
558 501 696 537 meriti
715 502 847 538 virum

333 551 566 600 Quirinum,
585 553 786 604 placitum
806 554 915 602 Deo,

333 607 445 645 urbis
464 611 629 646 moenia
648 607 800 647 Sisciae

332 674 572 700 concessum
591 663 669 701 sibi
688 669 916 716 martyrem

332 716 537 767 conplexu
555 720 691 768 patrio
711 717 866 758 fovent.

383 770 449 809 hic
468 772 545 810 sub
566 772 731 811 Galerio
751 773 871 819 duce,

332 828 403 876 qui
422 831 522 864 tunc
542 826 726 878 Illyricos
745 830 856 866 sinus

331 881 510 932 urgebat
529 881 772 928 dicionibus,

331 933 464 973 fertur
482 935 728 974 catholicam
748 937 873 976 fidem

330 989 570 1028 inlustrasse
589 1004 664 1042 per
684 994 856 1030 exitum.

382 1058 464 1082 non
482 1044 599 1083 illum
618 1045 746 1098 gladii
764 1049 889 1099 rigor,

329 1112 412 1136 non
430 1100 636 1145 incendia,
656 1114 739 1139 non
758 1100 872 1140 ferae

329 1153 486 1192 crudeli
504 1156 678 1193 interitu
697 1162 864 1202 necant,

329 1208 403 1246 sed
421 1208 600 1260 lymphis
620 1209 851 1249 fluvialibus

327 1276 495 1314 gurges,
514 1263 614 1302 dum
633 1267 757 1316 rapit,
777 1265 922 1304 abluit.

379 1317 437 1355 nil
456 1317 586 1357 refert
604 1322 736 1358 vitreo
757 1333 937 1372 aequore

328 1385 381 1409 an
400 1371 453 1410 de
473 1372 642 1411 flumine
662 1377 872 1426 sanguinis

327 1429 494 1478 tinguat
512 1430 648 1479 passio
667 1434 918 1481 martyrem3

327 1494 460 1532 aeque
479 1482 611 1534 gloria
629 1486 820 1534 provenit

326 1534 455 1574 fluctu
475 1537 664 1588 quolibet
682 1538 817 1577 uvida.

377 1604 538 1629 summo
557 1594 695 1643 pontis
715 1593 768 1631 ab
788 1593 906 1632 ardui

325 1651 494 1684 sanctae
514 1646 647 1697 plebis
668 1650 883 1699 episcopus

324 1702 366 1737 in
385 1713 585 1752 praeceps
604 1701 727 1740 fluvio
747 1702 872 1741 datur

324 1767 570 1805 suspensum
588 1755 739 1807 laqueo
757 1770 907 1809 gerens

323 1810 504 1860 ingentis
524 1809 706 1861 lapidem
725 1811 872 1850 molae.

375 1863 586 1902 deiectum
604 1864 880 1916 placidissimo

323 1921 454 1956 amnis
475 1921 629 1957 vertice
649 1923 820 1971 suscipit

322 1985 399 2010 nec
418 1976 550 2025 mergi
569 1977 728 2025 patitur
747 1976 839 2022 sibi,

322 2029 433 2065 miris
453 2034 571 2066 vasta
590 2030 803 2068 natatibus

1342 997 1391 1037 10

1341 1265 1396 1311 15‘

1336 1544 1387 1583 20

1334 1793 1445 1858 25'
