<?xml version="1.0" encoding="UTF-8"?>
<!DOCTYPE html PUBLIC "-//W3C//DTD XHTML 1.0 Transitional//EN"
    "http://www.w3.org/TR/xhtml1/DTD/xhtml1-transitional.dtd">
<html xmlns="http://www.w3.org/1999/xhtml" xml:lang="en" lang="en">
 <head>
  <title>
</title>
<meta http-equiv="Content-Type" content="text/html;charset=utf-8" />
  <meta name='ocr-system' content='tesseract 3.04.00' />
  <meta name='ocr-capabilities' content='ocr_page ocr_carea ocr_par ocr_line ocrx_word'/>
</head>
<body>
  <div class='ocr_page' id='page_1' title='image "./prudentius00pruduoft_0320.png"; bbox 0 0 1456 2358; ppageno 0'>
   <div class='ocr_carea' id='block_1_1' title="bbox 637 136 999 178">
    <p class='ocr_par' dir='ltr' id='par_1_1' title="bbox 637 136 999 178">
     <span class='ocr_line' id='line_1_1' title="bbox 637 136 999 178; baseline -0.003 -1"><span class='ocrx_word' id='word_1_1' title='bbox 637 136 999 178; x_wconf 89' lang='lat' dir='ltr'>PRUDENTIUS</span> 
     </span>
    </p>
   </div>
   <div class='ocr_carea' id='block_1_2' title="bbox 210 242 1426 1933">
    <p class='ocr_par' dir='ltr' id='par_1_2' title="bbox 210 242 1426 1933">
     <span class='ocr_line' id='line_1_2' title="bbox 263 242 1146 297; baseline -0.003 -13"><span class='ocrx_word' id='word_1_2' title='bbox 263 250 383 297; x_wconf 88' lang='lat' dir='ltr'><strong>peste</strong></span> <span class='ocrx_word' id='word_1_3' title='bbox 403 244 659 283; x_wconf 87' lang='lat' dir='ltr'><strong>suburbanos</strong></span> <span class='ocrx_word' id='word_1_4' title='bbox 678 249 726 282; x_wconf 82' lang='lat' dir='ltr'><strong>ut</strong></span> <span class='ocrx_word' id='word_1_5' title='bbox 746 248 940 295; x_wconf 86' lang='lat' dir='ltr'><strong>quateret</strong></span> <span class='ocrx_word' id='word_1_6' title='bbox 957 242 1146 295; x_wconf 92' lang='lat' dir='ltr'><strong>populos,</strong></span> 
     </span>
     <span class='ocr_line' id='line_1_3' title="bbox 213 296 1365 338; baseline -0.003 0"><span class='ocrx_word' id='word_1_7' title='bbox 213 314 295 338; x_wconf 91' lang='lat' dir='ltr'><strong>non</strong></span> <span class='ocrx_word' id='word_1_8' title='bbox 314 305 534 338; x_wconf 86' lang='lat' dir='ltr'><strong>contentus</strong></span> <span class='ocrx_word' id='word_1_9' title='bbox 553 298 726 336; x_wconf 89' lang='lat' dir='ltr'><strong>humum</strong></span> <span class='ocrx_word' id='word_1_10' title='bbox 745 297 879 336; x_wconf 88' lang='lat' dir='ltr'><strong>celsae</strong></span> <span class='ocrx_word' id='word_1_11' title='bbox 897 299 1008 336; x_wconf 88' lang='lat' dir='ltr'><strong>intra</strong></span> <span class='ocrx_word' id='word_1_12' title='bbox 1025 299 1189 336; x_wconf 84' lang='lat' dir='ltr'><strong>moenia</strong></span> <span class='ocrx_word' id='word_1_13' title='bbox 1207 296 1365 336; x_wconf 84' lang='lat' dir='ltr'><strong>Romae</strong></span> 
     </span>
     <span class='ocr_line' id='line_1_4' title="bbox 264 352 1096 406; baseline -0.002 -14"><span class='ocrx_word' id='word_1_14' title='bbox 264 356 456 406; x_wconf 86' lang='lat' dir='ltr'><strong>tinguere</strong></span> <span class='ocrx_word' id='word_1_15' title='bbox 474 356 676 392; x_wconf 88' lang='lat' dir='ltr'><strong>iustorum</strong></span> <span class='ocrx_word' id='word_1_16' title='bbox 695 352 890 390; x_wconf 90' lang='lat' dir='ltr'><strong>caedibus</strong></span> <span class='ocrx_word' id='word_1_17' title='bbox 911 352 1096 390; x_wconf 87' lang='lat' dir='ltr'><strong>assiduis.</strong></span> 
     </span>
     <span class='ocr_line' id='line_1_5' title="bbox 213 405 1400 452; baseline -0.003 -5"><span class='ocrx_word' id='word_1_18' title='bbox 213 408 442 447; x_wconf 86' lang='lat' dir='ltr'>Ianiculum</span> <span class='ocrx_word' id='word_1_19' title='bbox 459 421 553 446; x_wconf 89' lang='lat' dir='ltr'><strong>cum</strong></span> <span class='ocrx_word' id='word_1_20' title='bbox 570 410 653 445; x_wconf 90' lang='lat' dir='ltr'><strong>iam</strong></span> <span class='ocrx_word' id='word_1_21' title='bbox 669 407 896 452; x_wconf 87' lang='lat' dir='ltr'><strong>madidum,</strong></span> <span class='ocrx_word' id='word_1_22' title='bbox 914 405 1016 452; x_wconf 88' lang='lat' dir='ltr'><strong>fora,</strong></span> <span class='ocrx_word' id='word_1_23' title='bbox 1033 412 1179 452; x_wconf 86' lang='lat' dir='ltr'><strong>rostra,</strong></span> <span class='ocrx_word' id='word_1_24' title='bbox 1197 405 1400 444; x_wconf 85' lang='lat' dir='ltr'><strong>Suburam</strong></span> 
     </span>
     <span class='ocr_line' id='line_1_6' title="bbox 264 461 1426 514; baseline -0.001 -12"><span class='ocrx_word' id='word_1_25' title='bbox 264 468 454 502; x_wconf 88' lang='lat' dir='ltr'><strong>cerneret</strong></span> <span class='ocrx_word' id='word_1_26' title='bbox 474 462 607 501; x_wconf 89' lang='lat' dir='ltr'><strong>eluvie</strong></span> <span class='ocrx_word' id='word_1_27' title='bbox 627 464 836 514; x_wconf 87' lang='lat' dir='ltr'><strong>sanguinis</strong></span> <span class='ocrx_word' id='word_1_28' title='bbox 856 461 1038 507; x_wconf 88' lang='lat' dir='ltr'>affluere,</span> <span class='ocrx_word' id='word_1_29' title='bbox 1375 461 1426 501; x_wconf 82' lang='lat'><strong>46</strong></span> 
     </span>
     <span class='ocr_line' id='line_1_7' title="bbox 212 515 1193 570; baseline -0.002 -14"><span class='ocrx_word' id='word_1_30' title='bbox 212 517 444 570; x_wconf 76' lang='lat' dir='ltr'><strong>protulerat</strong></span> <span class='ocrx_word' id='word_1_31' title='bbox 461 517 621 555; x_wconf 87' lang='lat' dir='ltr'><strong>rabiem</strong></span> <span class='ocrx_word' id='word_1_32' title='bbox 638 516 840 569; x_wconf 85' lang='lat' dir='ltr'><strong>Tyrrheni</strong></span> <span class='ocrx_word' id='word_1_33' title='bbox 860 516 912 554; x_wconf 91' lang='lat' dir='ltr'><strong>ad</strong></span> <span class='ocrx_word' id='word_1_34' title='bbox 930 515 1060 555; x_wconf 86' lang='lat' dir='ltr'><strong>litoris</strong></span> <span class='ocrx_word' id='word_1_35' title='bbox 1079 529 1193 555; x_wconf 89' lang='lat' dir='ltr'><strong>oram</strong></span> 
     </span>
     <span class='ocr_line' id='line_1_8' title="bbox 266 569 1340 624; baseline -0.002 -14"><span class='ocrx_word' id='word_1_36' title='bbox 266 585 457 624; x_wconf 90' lang='lat' dir='ltr'><strong>quaeque</strong></span> <span class='ocrx_word' id='word_1_37' title='bbox 475 571 566 610; x_wconf 89' lang='lat' dir='ltr'><strong>loca</strong></span> <span class='ocrx_word' id='word_1_38' title='bbox 585 584 813 623; x_wconf 88' lang='lat' dir='ltr'><strong>aequoreus</strong></span> <span class='ocrx_word' id='word_1_39' title='bbox 832 573 1020 622; x_wconf 89' lang='lat' dir='ltr'><strong>proxima</strong></span> <span class='ocrx_word' id='word_1_40' title='bbox 1036 576 1180 622; x_wconf 89' lang='lat' dir='ltr'><strong>portus</strong></span> <span class='ocrx_word' id='word_1_41' title='bbox 1198 569 1340 608; x_wconf 86' lang='lat' dir='ltr'><strong>habet.</strong></span> 
     </span>
     <span class='ocr_line' id='line_1_9' title="bbox 212 625 1061 677; baseline -0.002 -11"><span class='ocrx_word' id='word_1_42' title='bbox 212 630 323 666; x_wconf 84' lang='lat' dir='ltr'><strong>inter</strong></span> <span class='ocrx_word' id='word_1_43' title='bbox 341 626 550 665; x_wconf 87' lang='lat' dir='ltr'><strong>carnifices</strong></span> <span class='ocrx_word' id='word_1_44' title='bbox 571 631 616 665; x_wconf 87' lang='lat' dir='ltr'><strong>et</strong></span> <span class='ocrx_word' id='word_1_45' title='bbox 634 628 868 677; x_wconf 83' lang='lat' dir='ltr'><strong>constipata</strong></span> <span class='ocrx_word' id='word_1_46' title='bbox 885 625 1061 664; x_wconf 81' lang='lat' dir='ltr'><strong>sedebat</strong></span> 
     </span>
     <span class='ocr_line' id='line_1_10' title="bbox 263 679 1426 720; baseline 0.001 -1"><span class='ocrx_word' id='word_1_47' title='bbox 263 681 394 720; x_wconf 87' lang='lat' dir='ltr'><strong>officia</strong></span> <span class='ocrx_word' id='word_1_48' title='bbox 413 686 604 719; x_wconf 83' lang='lat' dir='ltr'><strong>extructo</strong></span> <span class='ocrx_word' id='word_1_49' title='bbox 623 680 768 719; x_wconf 91' lang='lat' dir='ltr'><strong>celsior</strong></span> <span class='ocrx_word' id='word_1_50' title='bbox 784 683 828 718; x_wconf 91' lang='lat' dir='ltr'><strong>in</strong></span> <span class='ocrx_word' id='word_1_51' title='bbox 846 679 960 719; x_wconf 89' lang='lat' dir='ltr'><strong>solio.</strong></span> <span class='ocrx_word' id='word_1_52' title='bbox 1375 681 1426 720; x_wconf 85' lang='lat'><strong>50</strong></span> 
     </span>
     <span class='ocr_line' id='line_1_11' title="bbox 212 734 1083 787; baseline -0.002 -12"><span class='ocrx_word' id='word_1_53' title='bbox 212 735 430 787; x_wconf 86' lang='lat' dir='ltr'><strong>discipulos</strong></span> <span class='ocrx_word' id='word_1_54' title='bbox 450 735 547 774; x_wconf 90' lang='lat' dir='ltr'><strong>fidei</strong></span> <span class='ocrx_word' id='word_1_55' title='bbox 566 734 887 786; x_wconf 78' lang='lat' dir='ltr'><strong>detestandique</strong></span> <span class='ocrx_word' id='word_1_56' title='bbox 906 734 1083 773; x_wconf 87' lang='lat' dir='ltr'><strong>rebelles</strong></span> 
     </span>
     <span class='ocr_line' id='line_1_12' title="bbox 263 789 975 841; baseline -0.001 -12"><span class='ocrx_word' id='word_1_57' title='bbox 263 790 378 829; x_wconf 90' lang='lat' dir='ltr'><strong>idolii</strong></span> <span class='ocrx_word' id='word_1_58' title='bbox 398 790 572 829; x_wconf 77' lang='lat' dir='ltr'><strong>ardebat</strong></span> <span class='ocrx_word' id='word_1_59' title='bbox 590 790 744 828; x_wconf 91' lang='lat' dir='ltr'><strong>dedere</strong></span> <span class='ocrx_word' id='word_1_60' title='bbox 763 789 975 841; x_wconf 86' lang='lat' dir='ltr'><strong>perfidiae.</strong></span> 
     </span>
     <span class='ocr_line' id='line_1_13' title="bbox 213 846 1147 896; baseline -0.002 -12"><span class='ocrx_word' id='word_1_61' title='bbox 213 858 402 884; x_wconf 87' lang='lat' dir='ltr'><strong>carcereo</strong></span> <span class='ocrx_word' id='word_1_62' title='bbox 421 847 569 883; x_wconf 87' lang='lat' dir='ltr'><strong>crinita</strong></span> <span class='ocrx_word' id='word_1_63' title='bbox 587 847 670 883; x_wconf 87' lang='lat' dir='ltr'><strong>situ</strong></span> <span class='ocrx_word' id='word_1_64' title='bbox 688 850 799 883; x_wconf 86' lang='lat' dir='ltr'><strong>stare</strong></span> <span class='ocrx_word' id='word_1_65' title='bbox 819 846 985 896; x_wconf 88' lang='lat' dir='ltr'><strong>agmina</strong></span> <span class='ocrx_word' id='word_1_66' title='bbox 1003 849 1147 883; x_wconf 86' lang='lat' dir='ltr'><strong>contra</strong></span> 
     </span>
     <span class='ocr_line' id='line_1_14' title="bbox 262 898 1128 938; baseline -0.001 0"><span class='ocrx_word' id='word_1_67' title='bbox 262 903 439 938; x_wconf 84' lang='lat' dir='ltr'><strong>iusserat</strong></span> <span class='ocrx_word' id='word_1_68' title='bbox 456 899 670 938; x_wconf 88' lang='lat' dir='ltr'><strong>horrendis</strong></span> <span class='ocrx_word' id='word_1_69' title='bbox 691 899 964 937; x_wconf 86' lang='lat' dir='ltr'><strong>excrucianda</strong></span> <span class='ocrx_word' id='word_1_70' title='bbox 982 898 1128 937; x_wconf 87' lang='lat' dir='ltr'><strong>modis.</strong></span> 
     </span>
     <span class='ocr_line' id='line_1_15' title="bbox 212 952 1426 1006; baseline 0.001 -13"><span class='ocrx_word' id='word_1_71' title='bbox 212 955 309 994; x_wconf 90' lang='lat' dir='ltr'><strong>inde</strong></span> <span class='ocrx_word' id='word_1_72' title='bbox 328 961 570 993; x_wconf 82' lang='lat' dir='ltr'><strong>catenarum</strong></span> <span class='ocrx_word' id='word_1_73' title='bbox 589 959 761 999; x_wconf 84' lang='lat' dir='ltr'><strong>tractus,</strong></span> <span class='ocrx_word' id='word_1_74' title='bbox 779 953 875 992; x_wconf 90' lang='lat' dir='ltr'><strong>hinc</strong></span> <span class='ocrx_word' id='word_1_75' title='bbox 892 953 1006 992; x_wconf 88' lang='lat' dir='ltr'><strong>lorea</strong></span> <span class='ocrx_word' id='word_1_76' title='bbox 1023 952 1153 1006; x_wconf 88' lang='lat' dir='ltr'><strong>flagra</strong></span> <span class='ocrx_word' id='word_1_77' title='bbox 1375 954 1426 994; x_wconf 87' lang='lat'><strong>55</strong></span> 
     </span>
     <span class='ocr_line' id='line_1_16' title="bbox 263 1007 1150 1061; baseline -0.001 -14"><span class='ocrx_word' id='word_1_78' title='bbox 263 1009 453 1055; x_wconf 87' lang='lat' dir='ltr'><strong>stridere,</strong></span> <span class='ocrx_word' id='word_1_79' title='bbox 473 1011 681 1061; x_wconf 90' lang='lat' dir='ltr'><strong>virgarum</strong></span> <span class='ocrx_word' id='word_1_80' title='bbox 699 1011 981 1060; x_wconf 88' lang='lat' dir='ltr'><strong>concrepitare</strong></span> <span class='ocrx_word' id='word_1_81' title='bbox 1000 1007 1150 1060; x_wconf 88' lang='lat' dir='ltr'><strong>fragor.</strong></span> 
     </span>
     <span class='ocr_line' id='line_1_17' title="bbox 210 1062 1146 1116; baseline -0.001 -14"><span class='ocrx_word' id='word_1_82' title='bbox 210 1064 368 1116; x_wconf 89' lang='lat' dir='ltr'><strong>ungula</strong></span> <span class='ocrx_word' id='word_1_83' title='bbox 387 1063 469 1101; x_wconf 87' lang='lat' dir='ltr'><strong>fixa</strong></span> <span class='ocrx_word' id='word_1_84' title='bbox 488 1066 596 1102; x_wconf 92' lang='lat' dir='ltr'><strong>cavis</strong></span> <span class='ocrx_word' id='word_1_85' title='bbox 615 1068 822 1102; x_wconf 88' lang='lat' dir='ltr'><strong>costarum</strong></span> <span class='ocrx_word' id='word_1_86' title='bbox 841 1063 1021 1101; x_wconf 87' lang='lat' dir='ltr'><strong>cratibus</strong></span> <span class='ocrx_word' id='word_1_87' title='bbox 1041 1062 1146 1101; x_wconf 86' lang='lat' dir='ltr'><strong>altos</strong></span> 
     </span>
     <span class='ocr_line' id='line_1_18' title="bbox 264 1117 1058 1170; baseline -0.001 -14"><span class='ocrx_word' id='word_1_88' title='bbox 264 1118 448 1170; x_wconf 88' lang='lat' dir='ltr'><strong>pandere</strong></span> <span class='ocrx_word' id='word_1_89' title='bbox 468 1131 651 1156; x_wconf 89' lang='lat' dir='ltr'><strong>secessus</strong></span> <span class='ocrx_word' id='word_1_90' title='bbox 671 1123 716 1156; x_wconf 90' lang='lat' dir='ltr'><strong>et</strong></span> <span class='ocrx_word' id='word_1_91' title='bbox 733 1117 914 1156; x_wconf 90' lang='lat' dir='ltr'><strong>lacerare</strong></span> <span class='ocrx_word' id='word_1_92' title='bbox 933 1120 1058 1155; x_wconf 90' lang='lat' dir='ltr'><strong>iecur.</strong></span> 
     </span>
     <span class='ocr_line' id='line_1_19' title="bbox 213 1172 1038 1211; baseline -0.001 0"><span class='ocrx_word' id='word_1_93' title='bbox 213 1186 260 1211; x_wconf 91' lang='lat' dir='ltr'><strong>ac</strong></span> <span class='ocrx_word' id='word_1_94' title='bbox 278 1175 362 1211; x_wconf 89' lang='lat' dir='ltr'><strong>iam</strong></span> <span class='ocrx_word' id='word_1_95' title='bbox 379 1173 541 1211; x_wconf 86' lang='lat' dir='ltr'><strong>lassatis</strong></span> <span class='ocrx_word' id='word_1_96' title='bbox 559 1172 686 1211; x_wconf 88' lang='lat' dir='ltr'><strong>iudex</strong></span> <span class='ocrx_word' id='word_1_97' title='bbox 705 1173 929 1210; x_wconf 90' lang='lat' dir='ltr'><strong>tortoribus</strong></span> <span class='ocrx_word' id='word_1_98' title='bbox 948 1172 1038 1210; x_wconf 88' lang='lat' dir='ltr'><strong>ibat</strong></span> 
     </span>
     <span class='ocr_line' id='line_1_20' title="bbox 263 1225 1425 1279; baseline 0.001 -14"><span class='ocrx_word' id='word_1_99' title='bbox 263 1230 306 1265; x_wconf 92' lang='lat' dir='ltr'><strong>in</strong></span> <span class='ocrx_word' id='word_1_100' title='bbox 324 1227 450 1266; x_wconf 88' lang='lat' dir='ltr'><strong>furias</strong></span> <span class='ocrx_word' id='word_1_101' title='bbox 470 1241 585 1266; x_wconf 90' lang='lat' dir='ltr'><strong>cassa</strong></span> <span class='ocrx_word' id='word_1_102' title='bbox 603 1229 839 1279; x_wconf 87' lang='lat' dir='ltr'><strong>cognitione</strong></span> <span class='ocrx_word' id='word_1_103' title='bbox 858 1225 1053 1272; x_wconf 92' lang='lat' dir='ltr'><strong>fremens,</strong></span> <span class='ocrx_word' id='word_1_104' title='bbox 1375 1227 1425 1266; x_wconf 89' lang='grc'><strong>60</strong></span> 
     </span>
     <span class='ocr_line' id='line_1_21' title="bbox 210 1280 1341 1333; baseline -0.001 -13"><span class='ocrx_word' id='word_1_105' title='bbox 210 1282 347 1320; x_wconf 89' lang='lat' dir='ltr'><strong>nullus</strong></span> <span class='ocrx_word' id='word_1_106' title='bbox 367 1284 477 1320; x_wconf 90' lang='lat' dir='ltr'><strong>enim</strong></span> <span class='ocrx_word' id='word_1_107' title='bbox 496 1281 648 1320; x_wconf 89' lang='lat' dir='ltr'><strong>Christi</strong></span> <span class='ocrx_word' id='word_1_108' title='bbox 668 1294 719 1320; x_wconf 86' lang='lat' dir='ltr'><strong>ex</strong></span> <span class='ocrx_word' id='word_1_109' title='bbox 739 1280 903 1319; x_wconf 87' lang='lat' dir='ltr'><strong>famulis</strong></span> <span class='ocrx_word' id='word_1_110' title='bbox 921 1294 996 1333; x_wconf 91' lang='lat' dir='ltr'><strong>per</strong></span> <span class='ocrx_word' id='word_1_111' title='bbox 1013 1287 1135 1319; x_wconf 86' lang='lat' dir='ltr'><strong>tanta</strong></span> <span class='ocrx_word' id='word_1_112' title='bbox 1152 1286 1341 1332; x_wconf 89' lang='lat' dir='ltr'><strong>repertus</strong></span> 
     </span>
     <span class='ocr_line' id='line_1_22' title="bbox 263 1336 1138 1388; baseline -0.002 -13"><span class='ocrx_word' id='word_1_113' title='bbox 263 1336 477 1388; x_wconf 89' lang='lat' dir='ltr'><strong>supplicia,</strong></span> <span class='ocrx_word' id='word_1_114' title='bbox 497 1336 672 1374; x_wconf 85' lang='lat' dir='ltr'><strong>auderet</strong></span> <span class='ocrx_word' id='word_1_115' title='bbox 691 1339 762 1387; x_wconf 89' lang='lat' dir='ltr'><strong>qui</strong></span> <span class='ocrx_word' id='word_1_116' title='bbox 780 1338 926 1374; x_wconf 87' lang='lat' dir='ltr'><strong>vitiare</strong></span> <span class='ocrx_word' id='word_1_117' title='bbox 946 1338 1138 1374; x_wconf 86' lang='lat' dir='ltr'><strong>animam.</strong></span> 
     </span>
     <span class='ocr_line' id='line_1_23' title="bbox 210 1389 1333 1442; baseline -0.002 -12"><span class='ocrx_word' id='word_1_118' title='bbox 210 1391 308 1430; x_wconf 90' lang='lat' dir='ltr'><strong>inde</strong></span> <span class='ocrx_word' id='word_1_119' title='bbox 327 1390 467 1430; x_wconf 88' lang='lat' dir='ltr'><strong>furens</strong></span> <span class='ocrx_word' id='word_1_120' title='bbox 487 1393 697 1442; x_wconf 84' lang='lat' dir='ltr'><strong>quaesitor</strong></span> <span class='ocrx_word' id='word_1_121' title='bbox 716 1393 797 1429; x_wconf 89' lang='lat' dir='ltr'><strong>ait:</strong></span> <span class='ocrx_word' id='word_1_122' title='bbox 832 1389 855 1404; x_wconf 93' lang='lat'><strong>“</strong></span> <span class='ocrx_word' id='word_1_123' title='bbox 874 1393 971 1436; x_wconf 89' lang='lat' dir='ltr'><strong>iam,</strong></span> <span class='ocrx_word' id='word_1_124' title='bbox 990 1396 1136 1436; x_wconf 85' lang='lat' dir='ltr'><strong>tortor,</strong></span> <span class='ocrx_word' id='word_1_125' title='bbox 1156 1390 1208 1428; x_wconf 90' lang='lat' dir='ltr'><strong>ab</strong></span> <span class='ocrx_word' id='word_1_126' title='bbox 1227 1403 1333 1428; x_wconf 93' lang='lat' dir='ltr'><strong>unco</strong></span> 
     </span>
     <span class='ocr_line' id='line_1_24' title="bbox 263 1446 1227 1497; baseline -0.001 -13"><span class='ocrx_word' id='word_1_127' title='bbox 263 1446 430 1490; x_wconf 90' lang='lat' dir='ltr'><strong>desine;</strong></span> <span class='ocrx_word' id='word_1_128' title='bbox 464 1448 497 1484; x_wconf 91' lang='lat' dir='ltr'><strong>si</strong></span> <span class='ocrx_word' id='word_1_129' title='bbox 515 1459 622 1483; x_wconf 89' lang='lat' dir='ltr'><strong>vana</strong></span> <span class='ocrx_word' id='word_1_130' title='bbox 641 1451 705 1483; x_wconf 89' lang='lat' dir='ltr'><strong>est</strong></span> <span class='ocrx_word' id='word_1_131' title='bbox 725 1447 928 1496; x_wconf 87' lang='lat' dir='ltr'><strong>quaestio,</strong></span> <span class='ocrx_word' id='word_1_132' title='bbox 946 1450 1080 1483; x_wconf 84' lang='lat' dir='ltr'><strong>morte</strong></span> <span class='ocrx_word' id='word_1_133' title='bbox 1101 1447 1227 1497; x_wconf 86' lang='lat' dir='ltr'><strong>agito.</strong></span> 
     </span>
     <span class='ocr_line' id='line_1_25' title="bbox 210 1499 1424 1551; baseline 0.001 -12"><span class='ocrx_word' id='word_1_134' title='bbox 210 1500 305 1539; x_wconf 91' lang='lat' dir='ltr'><strong>huic</strong></span> <span class='ocrx_word' id='word_1_135' title='bbox 324 1500 489 1539; x_wconf 91' lang='lat' dir='ltr'><strong>abscide</strong></span> <span class='ocrx_word' id='word_1_136' title='bbox 508 1505 648 1551; x_wconf 88' lang='lat' dir='ltr'><strong>caput,</strong></span> <span class='ocrx_word' id='word_1_137' title='bbox 668 1513 767 1538; x_wconf 88' lang='lat' dir='ltr'><strong>crux</strong></span> <span class='ocrx_word' id='word_1_138' title='bbox 786 1502 912 1538; x_wconf 88' lang='lat' dir='ltr'><strong>istum</strong></span> <span class='ocrx_word' id='word_1_139' title='bbox 931 1499 1053 1538; x_wconf 86' lang='lat' dir='ltr'><strong>tollat</strong></span> <span class='ocrx_word' id='word_1_140' title='bbox 1070 1501 1114 1537; x_wconf 91' lang='lat' dir='ltr'><strong>in</strong></span> <span class='ocrx_word' id='word_1_141' title='bbox 1133 1512 1252 1538; x_wconf 84' lang='lat' dir='ltr'><strong>auras</strong></span> <span class='ocrx_word' id='word_1_142' title='bbox 1374 1500 1424 1540; x_wconf 85' lang='lat'><strong>65</strong></span> 
     </span>
     <span class='ocr_line' id='line_1_26' title="bbox 263 1552 1054 1606; baseline -0.001 -13"><span class='ocrx_word' id='word_1_143' title='bbox 263 1558 533 1606; x_wconf 87' lang='lat' dir='ltr'><strong>viventesque</strong></span> <span class='ocrx_word' id='word_1_144' title='bbox 553 1554 690 1593; x_wconf 91' lang='lat' dir='ltr'><strong>oculos</strong></span> <span class='ocrx_word' id='word_1_145' title='bbox 710 1552 856 1592; x_wconf 86' lang='lat' dir='ltr'><strong>offerat</strong></span> <span class='ocrx_word' id='word_1_146' title='bbox 875 1554 1054 1592; x_wconf 87' lang='lat' dir='ltr'><strong>alitibus.</strong></span> 
     </span>
     <span class='ocr_line' id='line_1_27' title="bbox 210 1609 1304 1661; baseline -0.002 -13"><span class='ocrx_word' id='word_1_147' title='bbox 210 1609 285 1648; x_wconf 92' lang='lat' dir='ltr'><strong>hos</strong></span> <span class='ocrx_word' id='word_1_148' title='bbox 303 1623 402 1661; x_wconf 90' lang='lat' dir='ltr'><strong>rape</strong></span> <span class='ocrx_word' id='word_1_149' title='bbox 422 1611 670 1661; x_wconf 89' lang='lat' dir='ltr'><strong>praecipites</strong></span> <span class='ocrx_word' id='word_1_150' title='bbox 690 1615 734 1647; x_wconf 85' lang='lat' dir='ltr'><strong>et</strong></span> <span class='ocrx_word' id='word_1_151' title='bbox 752 1611 909 1647; x_wconf 87' lang='lat' dir='ltr'><strong>vinctos</strong></span> <span class='ocrx_word' id='word_1_152' title='bbox 929 1611 1068 1647; x_wconf 88' lang='lat' dir='ltr'><strong>conice</strong></span> <span class='ocrx_word' id='word_1_153' title='bbox 1087 1610 1130 1646; x_wconf 92' lang='lat' dir='ltr'><strong>in</strong></span> <span class='ocrx_word' id='word_1_154' title='bbox 1148 1610 1304 1661; x_wconf 89' lang='lat' dir='ltr'><strong>ignem,</strong></span> 
     </span>
     <span class='ocr_line' id='line_1_28' title="bbox 263 1663 1152 1716; baseline -0.002 -13"><span class='ocrx_word' id='word_1_155' title='bbox 263 1667 318 1703; x_wconf 89' lang='lat' dir='ltr'><strong>sit</strong></span> <span class='ocrx_word' id='word_1_156' title='bbox 336 1678 440 1716; x_wconf 90' lang='lat' dir='ltr'><strong>pyra</strong></span> <span class='ocrx_word' id='word_1_157' title='bbox 459 1677 566 1715; x_wconf 89' lang='lat' dir='ltr'><strong>quae</strong></span> <span class='ocrx_word' id='word_1_158' title='bbox 585 1663 737 1702; x_wconf 89' lang='lat' dir='ltr'><strong>multos</strong></span> <span class='ocrx_word' id='word_1_159' title='bbox 757 1663 929 1702; x_wconf 90' lang='lat' dir='ltr'><strong>devoret</strong></span> <span class='ocrx_word' id='word_1_160' title='bbox 948 1677 1030 1701; x_wconf 89' lang='lat' dir='ltr'><strong>una</strong></span> <span class='ocrx_word' id='word_1_161' title='bbox 1048 1676 1152 1702; x_wconf 88' lang='lat' dir='ltr'><strong>reos.</strong></span> 
     </span>
     <span class='ocr_line' id='line_1_29' title="bbox 211 1718 1312 1770; baseline -0.001 -13"><span class='ocrx_word' id='word_1_162' title='bbox 211 1732 264 1757; x_wconf 90' lang='lat' dir='ltr'><strong>en</strong></span> <span class='ocrx_word' id='word_1_163' title='bbox 282 1719 359 1757; x_wconf 89' lang='lat' dir='ltr'><strong>tibi</strong></span> <span class='ocrx_word' id='word_1_164' title='bbox 378 1732 479 1770; x_wconf 94' lang='lat' dir='ltr'><strong>quos</strong></span> <span class='ocrx_word' id='word_1_165' title='bbox 498 1731 694 1770; x_wconf 90' lang='lat' dir='ltr'><strong>properes</strong></span> <span class='ocrx_word' id='word_1_166' title='bbox 711 1720 886 1756; x_wconf 88' lang='lat' dir='ltr'><strong>rimosae</strong></span> <span class='ocrx_word' id='word_1_167' title='bbox 905 1720 1103 1769; x_wconf 90' lang='lat' dir='ltr'><strong>inponere</strong></span> <span class='ocrx_word' id='word_1_168' title='bbox 1122 1718 1312 1764; x_wconf 87' lang='lat' dir='ltr'><strong>cumbae,</strong></span> 
     </span>
     <span class='ocr_line' id='line_1_30' title="bbox 262 1771 1424 1825; baseline -0.001 -14"><span class='ocrx_word' id='word_1_169' title='bbox 262 1773 418 1825; x_wconf 89' lang='lat' dir='ltr'><strong>pellere</strong></span> <span class='ocrx_word' id='word_1_170' title='bbox 438 1779 483 1811; x_wconf 87' lang='lat' dir='ltr'><strong>et</strong></span> <span class='ocrx_word' id='word_1_171' title='bbox 500 1776 542 1811; x_wconf 93' lang='lat' dir='ltr'><strong>in</strong></span> <span class='ocrx_word' id='word_1_172' title='bbox 561 1773 688 1811; x_wconf 88' lang='lat' dir='ltr'><strong>medii</strong></span> <span class='ocrx_word' id='word_1_173' title='bbox 707 1778 856 1824; x_wconf 86' lang='lat' dir='ltr'><strong>stagna</strong></span> <span class='ocrx_word' id='word_1_174' title='bbox 874 1771 1079 1824; x_wconf 89' lang='lat' dir='ltr'><strong>profunda</strong></span> <span class='ocrx_word' id='word_1_175' title='bbox 1097 1771 1206 1811; x_wconf 87' lang='lat' dir='ltr'><strong>freti.</strong></span> <span class='ocrx_word' id='word_1_176' title='bbox 1374 1773 1424 1811; x_wconf 83' lang='lat'><strong>70</strong></span> 
     </span>
     <span class='ocr_line' id='line_1_31' title="bbox 211 1827 1349 1880; baseline -0.001 -14"><span class='ocrx_word' id='word_1_177' title='bbox 211 1841 313 1880; x_wconf 92' lang='lat' dir='ltr'><strong>quos</strong></span> <span class='ocrx_word' id='word_1_178' title='bbox 332 1828 403 1866; x_wconf 92' lang='lat' dir='ltr'><strong>ubi</strong></span> <span class='ocrx_word' id='word_1_179' title='bbox 422 1833 633 1879; x_wconf 85' lang='lat' dir='ltr'><strong>susceptos</strong></span> <span class='ocrx_word' id='word_1_180' title='bbox 652 1827 842 1865; x_wconf 92' lang='lat' dir='ltr'><strong>rabidum</strong></span> <span class='ocrx_word' id='word_1_181' title='bbox 861 1827 969 1865; x_wconf 88' lang='lat' dir='ltr'><strong>male</strong></span> <span class='ocrx_word' id='word_1_182' title='bbox 988 1832 1082 1865; x_wconf 86' lang='lat' dir='ltr'><strong>suta</strong></span> <span class='ocrx_word' id='word_1_183' title='bbox 1100 1839 1175 1878; x_wconf 91' lang='lat' dir='ltr'><strong>per</strong></span> <span class='ocrx_word' id='word_1_184' title='bbox 1194 1839 1349 1878; x_wconf 85' lang='lat' dir='ltr'><strong>aequor</strong></span> 
     </span>
     <span class='ocr_line' id='line_1_32' title="bbox 263 1881 1133 1933; baseline -0.001 -13"><span class='ocrx_word' id='word_1_185' title='bbox 263 1884 423 1921; x_wconf 87' lang='lat' dir='ltr'><strong>vexerit</strong></span> <span class='ocrx_word' id='word_1_186' title='bbox 443 1888 487 1921; x_wconf 86' lang='lat' dir='ltr'><strong>et</strong></span> <span class='ocrx_word' id='word_1_187' title='bbox 506 1882 675 1921; x_wconf 87' lang='lat' dir='ltr'><strong>tumidis</strong></span> <span class='ocrx_word' id='word_1_188' title='bbox 695 1895 815 1920; x_wconf 88' lang='lat' dir='ltr'><strong>caesa</strong></span> <span class='ocrx_word' id='word_1_189' title='bbox 832 1881 983 1920; x_wconf 88' lang='lat' dir='ltr'><strong>labarit</strong></span> <span class='ocrx_word' id='word_1_190' title='bbox 1002 1883 1133 1933; x_wconf 91' lang='lat' dir='ltr'><strong>aquis,</strong></span> 
     </span>
    </p>
   </div>
   <div class='ocr_carea' id='block_1_3' title="bbox 211 1981 1426 2112">
    <p class='ocr_par' dir='ltr' id='par_1_3' title="bbox 211 1981 1426 2112">
     <span class='ocr_line' id='line_1_33' title="bbox 254 1981 1426 2025; baseline 0 -10"><span class='ocrx_word' id='word_1_191' title='bbox 254 1986 270 2002; x_wconf 78' lang='lat'><strong>⁰</strong></span> <span class='ocrx_word' id='word_1_192' title='bbox 292 1982 366 2015; x_wconf 87' lang='lat' dir='ltr'><strong>The</strong></span> <span class='ocrx_word' id='word_1_193' title='bbox 392 1986 502 2015; x_wconf 71' lang='lat' dir='ltr'><strong>rostra</strong></span> <span class='ocrx_word' id='word_1_194' title='bbox 529 1993 657 2025; x_wconf 83' lang='lat' dir='ltr'><strong>proper</strong></span> <span class='ocrx_word' id='word_1_195' title='bbox 683 1993 755 2014; x_wconf 83' lang='lat' dir='ltr'><strong>was</strong></span> <span class='ocrx_word' id='word_1_196' title='bbox 782 1993 804 2014; x_wconf 83' lang='lat' dir='ltr'><strong>a</strong></span> <span class='ocrx_word' id='word_1_197' title='bbox 831 1982 1000 2024; x_wconf 81' lang='lat' dir='ltr'><strong>platform</strong></span> <span class='ocrx_word' id='word_1_198' title='bbox 1027 1982 1083 2015; x_wconf 88' lang='lat' dir='ltr'><strong>for</strong></span> <span class='ocrx_word' id='word_1_199' title='bbox 1109 1981 1274 2025; x_wconf 78' lang='lat' dir='ltr'><strong>speakers</strong></span> <span class='ocrx_word' id='word_1_200' title='bbox 1299 1982 1336 2015; x_wconf 86' lang='lat' dir='ltr'><strong>in</strong></span> <span class='ocrx_word' id='word_1_201' title='bbox 1362 1981 1426 2015; x_wconf 78' lang='lat' dir='ltr'><strong>tho</strong></span> 
     </span>
     <span class='ocr_line' id='line_1_34' title="bbox 211 2024 1425 2065; baseline 0 -7"><span class='ocrx_word' id='word_1_202' title='bbox 211 2026 340 2059; x_wconf 88' lang='lat' dir='ltr'><strong>Forum</strong></span> <span class='ocrx_word' id='word_1_203' title='bbox 366 2027 580 2065; x_wconf 83' lang='lat' dir='ltr'><strong>Romanum,</strong></span> <span class='ocrx_word' id='word_1_204' title='bbox 606 2037 645 2059; x_wconf 91' lang='lat' dir='ltr'><strong>so</strong></span> <span class='ocrx_word' id='word_1_205' title='bbox 670 2026 782 2059; x_wconf 86' lang='lat' dir='ltr'><strong>called</strong></span> <span class='ocrx_word' id='word_1_206' title='bbox 806 2026 954 2058; x_wconf 85' lang='lat' dir='ltr'><strong>because</strong></span> <span class='ocrx_word' id='word_1_207' title='bbox 977 2026 1008 2058; x_wconf 88' lang='lat' dir='ltr'><strong>it</strong></span> <span class='ocrx_word' id='word_1_208' title='bbox 1030 2036 1102 2058; x_wconf 82' lang='lat' dir='ltr'><strong>was</strong></span> <span class='ocrx_word' id='word_1_209' title='bbox 1126 2025 1315 2059; x_wconf 80' lang='lat' dir='ltr'><strong>decorated</strong></span> <span class='ocrx_word' id='word_1_210' title='bbox 1337 2024 1425 2059; x_wconf 79' lang='lat' dir='ltr'><strong>with</strong></span> 
     </span>
     <span class='ocr_line' id='line_1_35' title="bbox 211 2069 1187 2112; baseline 0.001 -10"><span class='ocrx_word' id='word_1_211' title='bbox 211 2070 319 2102; x_wconf 78' lang='lat' dir='ltr'><strong>beaks</strong></span> <span class='ocrx_word' id='word_1_212' title='bbox 334 2070 375 2103; x_wconf 87' lang='lat' dir='ltr'><strong>of</strong></span> <span class='ocrx_word' id='word_1_213' title='bbox 385 2069 482 2112; x_wconf 89' lang='lat' dir='ltr'><strong>ships</strong></span> <span class='ocrx_word' id='word_1_214' title='bbox 497 2070 606 2103; x_wconf 81' lang='lat' dir='ltr'><strong>taken</strong></span> <span class='ocrx_word' id='word_1_215' title='bbox 620 2070 713 2103; x_wconf 85' lang='lat' dir='ltr'><strong>from</strong></span> <span class='ocrx_word' id='word_1_216' title='bbox 727 2070 789 2102; x_wconf 87' lang='lat' dir='ltr'><strong>the</strong></span> <span class='ocrx_word' id='word_1_217' title='bbox 804 2069 969 2103; x_wconf 75' lang='lat' dir='ltr'><strong>Antiates</strong></span> <span class='ocrx_word' id='word_1_218' title='bbox 983 2070 1020 2102; x_wconf 89' lang='lat' dir='ltr'><strong>in</strong></span> <span class='ocrx_word' id='word_1_219' title='bbox 1035 2070 1102 2103; x_wconf 88' lang='lat'><strong>338</strong></span> <span class='ocrx_word' id='word_1_220' title='bbox 1117 2078 1187 2103; x_wconf 83' lang='lat' dir='ltr'><strong>B.o.</strong></span> 
     </span>
    </p>
   </div>
   <div class='ocr_carea' id='block_1_4' title="bbox 207 2117 280 2165">
    <p class='ocr_par' dir='ltr' id='par_1_4' title="bbox 207 2117 280 2165">
     <span class='ocr_line' id='line_1_36' title="bbox 207 2117 280 2165; baseline 0.027 -12"><span class='ocrx_word' id='word_1_221' title='bbox 207 2117 280 2165; x_wconf 89' lang='lat'><strong>308</strong></span> 
     </span>
    </p>
   </div>
  </div>
 </body>
</html>
