1456 2358
614 133 976 175 PRUDENTIUS

237 243 329 294 plus
349 242 423 280 dat
441 242 647 281 medellae
667 242 767 280 dum
786 255 932 280 necem
950 255 1078 294 prope
1098 240 1290 293 applicat.

186 303 194 317 ‘
215 309 319 349 este,
338 316 495 354 precor,
515 302 658 348 fortes,
679 308 722 340 et
741 305 892 340 vincite
912 303 1064 340 viribus
1085 314 1236 347 annos;
1349 305 1400 343 65

237 363 349 415 quod
367 363 470 401 defit
489 376 605 409 aevo,
625 362 818 414 suppleat
835 361 1087 401 crudelitas.’

185 423 259 462 sed
277 423 386 461 male
405 429 577 462 conatus
596 428 717 461 tener
734 422 1003 474 infirmusque
1021 421 1206 467 laborat3

236 489 446 522 tormenta
465 488 655 522 crescunt
673 483 775 521 dum
794 481 949 521 fatiscit
967 481 1164 521 carnifex.

185 543 193 557 ‘
214 543 313 596 quid
325 544 485 596 gemis?
505 542 514 556 ’
529 543 736 582 exclamat
748 543 918 594 quidam
931 555 940 588 ;
968 541 977 556 ‘
996 548 1090 581 tute
1101 544 1190 594 ipse
1202 545 1402 595 magister

235 604 348 642 istud
366 604 519 642 dedisti
538 603 694 642 ferrum
713 608 757 642 et
777 605 945 641 armasti
963 616 1123 641 manus.
1349 605 1399 644 70

182 664 393 702 reddimus
414 677 509 702 ecce
527 664 605 702 tibi
623 669 712 702 tam
730 663 845 701 milia
862 663 996 701 multa
1013 668 1220 709 notarum,

235 738 361 776 quam
379 724 543 769 stando,
562 723 700 762 flendo
718 729 762 762 te
782 723 960 762 docente
981 725 1231 775 excepimus.

183 798 265 823 non
283 789 404 836 potes
422 786 540 822 irasci
560 784 671 836 quod
690 784 926 828 scribimus3
958 785 1047 835 ipse
1066 783 1238 821 iubebas

234 858 461 895 numquam
481 846 670 895 quietum
689 843 864 882 dextera
883 849 930 881 ut
949 842 1077 881 ferret
1095 842 1249 881 stilum.

182 918 265 943 non
283 907 463 955 petimus
483 906 637 942 totiens
657 909 702 942 te
720 909 990 955 praeceptore
1010 908 1198 955 negatas,
1347 905 1396 944 75

235 977 356 1002 avare
376 964 533 1009 doctor,
553 966 635 1001 iam
654 963 886 1002 scholarum
905 962 1040 1001 ferias.

182 1038 364 1077 pangere
384 1030 539 1076 puncta
557 1024 661 1062 libet
680 1023 884 1075 sulcisque
902 1026 1092 1062 intexere
1111 1023 1257 1069 sulcos,

234 1084 361 1123 flexas
381 1087 538 1122 catenis
557 1084 745 1136 inpedire
764 1083 956 1136 virgulas.

183 1145 379 1183 emendes
397 1144 496 1183 licet
514 1147 721 1196 inspectos
739 1143 863 1196 longo
883 1144 1026 1182 ordine
1045 1156 1199 1190 versus,

232 1205 433 1243 mendosa
451 1204 559 1243 forte
578 1207 612 1242 si
632 1204 732 1256 quid
751 1206 903 1243 erravit
921 1217 1079 1242 manus.
1344 1205 1396 1244 80

182 1278 330 1303 exerce
348 1268 590 1317 imperium:
623 1267 686 1303 ius
707 1270 771 1303 est
789 1265 867 1303 tibi
885 1264 1069 1316 plectere
1088 1264 1266 1316 culpam,

233 1328 267 1363 si
286 1328 376 1377 quis
395 1331 563 1364 tuorum
581 1331 625 1363 te
644 1327 806 1363 notavit
824 1323 1019 1377 segnius.’

181 1385 282 1423 talia
300 1386 503 1424 ludebant
521 1388 639 1437 pueri
657 1398 732 1437 per
749 1386 936 1423 membra
954 1387 1155 1436 magistri,

233 1459 309 1484 nec
327 1446 453 1498 longa
470 1445 624 1483 fessum
643 1458 778 1497 poena
797 1444 984 1483 solvebat
1002 1447 1147 1483 virum.

179 1506 351 1544 tandem
369 1505 565 1544 luctantis
584 1507 802 1544 miseratus
822 1506 875 1543 ab
895 1504 1065 1543 aethere
1085 1504 1270 1543 Christus
1343 1506 1393 1545 85

230 1567 348 1604 iubet
366 1565 514 1604 resolvi
532 1567 710 1617 pectoris
727 1565 940 1617 ligamina,

179 1625 444 1677 difficilesque
464 1639 598 1665 moras
618 1628 780 1664 animae
801 1639 847 1663 ac
866 1624 1094 1663 retinacula
1112 1627 1223 1663 vitae

231 1685 406 1731 relaxat,
427 1691 537 1724 artas
558 1691 601 1724 et
619 1685 800 1724 latebras
821 1685 1004 1736 expedit.

180 1749 346 1798 sanguis
367 1747 419 1784 ab
438 1748 602 1784 interno
621 1759 821 1784 venarum
840 1744 956 1784 fonte
975 1750 1170 1797 patentes

231 1809 316 1845 vias
336 1812 502 1845 secutus
522 1806 678 1845 deserit
696 1805 951 1857 praecordia,
1345 1806 1396 1845 90

178 1872 328 1918 totque
347 1865 615 1905 foraminibus
634 1868 845 1918 penetrati
864 1867 1043 1917 corporis
1063 1867 1151 1904 exit
1178 1900 1183 1905 ,

231 1926 426 1964 fibrarum
446 1925 643 1964 anhelans
661 1925 732 1964 ille
751 1926 886 1964 vitalis
906 1925 1027 1964 calor.

178 1985 281 2025 haec
301 1992 412 2033 sunt,
432 1999 539 2038 quae
558 1986 723 2038 liquidis
744 1998 938 2037 expressa
956 1985 1172 2032 coloribus,
1190 1984 1355 2036 hospes,

178 2101 251 2138 226
