1456 2358
161 2130 234 2168 274

597 141 959 191 PRUDENTIUS

278 253 531 299 captumque
551 248 696 286 adesse
715 251 929 300 praecipit.
986 248 1008 261 ‘⁴
1029 248 1189 300 quidvis
1208 248 1352 302 roga,”

276 304 427 353 inquit,
446 301 469 315 ‘⁴
489 315 711 354 sequamur
730 303 841 354 quod
859 304 1043 354 probarit
1061 302 1221 355 pusio.”
1310 306 1386 346 665

330 356 538 395 Romanus
558 357 706 396 ardens
727 360 904 409 experiri
922 360 1132 396 innoxiam

276 411 469 450 lactantis
489 414 567 450 oris
586 411 769 450 indolem
788 411 811 424 “
831 411 996 458 filiole,”
1017 415 1090 458 ait,

278 464 300 478 “
320 466 400 511 dic,
420 466 520 517 quid
538 466 703 504 videtur
722 479 811 504 esse
830 480 974 505 verum
994 473 1038 505 et
1056 481 1300 520 congruens,

276 533 460 559 unumne
480 520 690 559 Christum
709 521 842 559 colere
863 527 907 560 et
924 524 967 559 in
987 521 1150 560 Christo
1169 520 1352 568 Patrem,

277 588 331 612 an
349 578 585 626 conprecari
603 575 716 614 mille
735 574 959 614 formarum
978 576 1105 614 deos?
1126 574 1149 588 '²
1311 578 1386 617 670

329 629 472 668 adrisit
490 629 625 668 infans
644 642 721 668 nec
739 636 923 668 moratus
941 630 1130 669 rettulit:

275 682 299 696 ‘⁸
320 689 384 722 est
400 684 601 735 quidquid
615 684 732 730 illud,
749 684 860 736 quod
875 684 1016 723 ferunt
1030 685 1217 724 homines
1233 685 1387 732 Deum,

275 751 403 776 unum
424 751 514 777 esse
533 745 700 790 oportet
719 745 763 777 et
783 739 894 790 quod
913 742 983 777 uni
1003 745 1067 778 est
1085 742 1265 778 unicum.

275 806 370 830 cum
389 792 575 831 Christus
594 793 671 831 hoc
690 796 758 839 sit,
777 793 963 832 Christus
984 800 1048 832 est
1067 807 1186 832 verus
1206 794 1336 833 Deus.

274 860 431 899 genera
449 847 621 886 deorum
640 848 774 886 multa
791 861 868 886 nec
887 851 1005 900 pueri
1023 847 1218 900 putant.''
1308 850 1384 890 675

326 905 487 953 stupuit
506 908 707 954 tyrannus
727 903 803 941 sub
821 903 980 954 pudore
999 902 1227 949 fluctuans;

273 969 350 994 nec
370 959 451 994 vim
471 957 649 996 decebat
667 960 878 996 innocenti
898 957 1110 996 aetatulae

271 1010 425 1049 inferre
444 1011 573 1063 leges,
592 1025 669 1049 nec
687 1011 875 1063 loquenti
893 1012 995 1050 talia

272 1064 385 1104 furor
403 1067 567 1104 sinebat
587 1065 780 1104 efferatus
799 1079 981 1118 parcere.

273 1119 297 1133 “
317 1122 407 1171 quis
427 1119 611 1166 auctor‚’'
629 1123 779 1171 inquit,
798 1120 820 1134 “
840 1123 948 1160 vocis
968 1127 1032 1160 est
1048 1121 1169 1160 huius
1186 1121 1292 1160 tibi?
1313 1119 1336 1134 '⁹

324 1175 539 1226 respondit
556 1175 650 1214 ille:
683 1175 706 1188 “
725 1181 874 1222 mater,
893 1181 937 1214 et
954 1178 1078 1214 matri
1096 1175 1226 1214 Deus.
1309 1177 1382 1216 681

271 1228 344 1266 illa
363 1242 415 1267 ex
434 1235 609 1280 parente
629 1229 783 1281 Spiritu
802 1230 926 1269 docta
942 1231 1094 1269 inbibit

274 1296 355 1334 quo
374 1297 442 1322 me
461 1286 571 1322 inter
589 1286 678 1335 ipsa
696 1290 886 1335 pasceret
905 1284 1132 1330 cunabula;

274 1351 366 1390 ego,
386 1344 434 1376 ut
451 1338 641 1390 gemellis
661 1339 835 1377 uberum
854 1339 906 1378 de
926 1338 1109 1378 fontibus

271 1392 334 1430 lac
353 1406 502 1443 parvus
521 1392 652 1438 hausi,
673 1392 882 1432 Christum
903 1399 946 1432 et
964 1393 1082 1432 hausi
1101 1392 1313 1432 credere.”

324 1446 347 1459 ‘⁴
368 1460 466 1499 ergo
485 1449 574 1499 ipsa
593 1453 728 1486 mater
747 1446 897 1494 adsit,'’
918 1448 1138 1494 exclamat,
1158 1447 1181 1461 “
1200 1447 1347 1494 cedo‚”

270 1501 561 1553 Asclepiades;
594 1507 618 1526 “
634 1502 874 1553 disciplinae
895 1508 939 1541 et
959 1505 1118 1541 exitum
1306 1504 1382 1543 687

270 1558 434 1594 tristem
453 1569 552 1594 suae
571 1559 770 1608 magistra
788 1563 952 1608 spectet
970 1559 1096 1608 inpia,

269 1609 378 1648 male
399 1611 551 1649 eruditi
570 1617 816 1662 torqueatur
834 1611 981 1650 funere

269 1663 440 1703 infantis
459 1665 573 1711 orba,
593 1678 801 1716 quemque
821 1669 1002 1717 corrupit
1020 1665 1133 1705 fleat.
1305 1667 1380 1707 690

322 1720 430 1758 absit
448 1722 655 1758 ministros
675 1720 764 1758 vilis
784 1726 831 1758 ut
849 1720 1091 1758 muliercula

269 1779 430 1812 nostros
450 1773 624 1826 fatiget:
659 1774 882 1825 quantulus
902 1781 1044 1813 autem
1063 1774 1180 1813 dolor

269 1829 438 1867 vexabit
458 1834 571 1867 artus
590 1831 732 1867 mortis
753 1829 904 1867 auxilio
922 1828 1079 1868 brevis!

269 1882 376 1920 oculi
394 1885 578 1934 parentis
597 1886 823 1934 punientur
843 1886 972 1922 acrius

268 1950 393 1988 quam
412 1940 445 1975 si
464 1943 661 1976 cruentae
681 1938 868 1976 membra
886 1943 1059 1989 carpant
1077 1936 1378 1990 ungulae.’'695

319 1994 387 2029 vix
406 1991 509 2030 haec
528 1991 714 2043 profatus
734 1995 949 2043 pusionem
968 1995 1169 2044 praecipit

553 2076 568 2092 ‘³
592 2072 644 2105 Cf.
660 2073 831 2112 Hamart„
848 2074 970 2106 37—39.
