1456 2358
606 132 968 172 PRUDENTIUS

177 240 398 278 dissociata
415 244 583 291 putrem
601 238 746 276 laxent
764 237 955 276 tabulata
973 240 1155 276 carinam

229 310 561 356 conceptumque
579 305 727 342 bibant
745 303 929 355 undique
949 303 1223 356 naufragium.

179 384 378 423 squamea
397 383 572 409 caenoso
590 370 823 422 praestabit
841 375 987 408 ventre
1006 369 1240 421 sepulcrum
1346 369 1396 410 75

231 436 357 475 belua
375 438 629 487 consumptis
648 435 775 474 cruda
794 433 1105 474 cadaveribus.'’

181 502 284 540 haec
303 501 553 553 persultanti
571 501 727 540 celsum
746 501 884 540 subito
904 507 1002 539 ante
1021 499 1203 539 tribunal

233 566 404 606 offertur
423 570 558 606 senior
576 568 751 605 nexibus
770 566 993 618 inplicitus.

180 636 324 686 stipati
344 635 496 671 circum
515 635 684 671 iuvenes
705 632 883 670 clamore
903 631 1096 671 ferebant
1308 683 1310 685 Ι

232 702 368 751 ipsum
387 698 639 737 Christicolis
660 711 749 737 esse
769 704 895 750 caput
913 698 1099 750 populis:
1350 699 1401 738 80

181 768 214 803 si
234 764 343 803 foret
363 767 596 803 extinctum
614 777 790 816 propere
809 769 950 816 eaput,
969 767 1107 803 omnia
1126 763 1238 817 vulgi

233 836 406 883 pectora
424 830 619 869 Romanis
638 835 787 882 sponte
806 830 1005 868 sacranda
1024 829 1125 868 deis.

181 896 394 935 insolitum
412 895 487 935 leti
505 902 683 948 poscunt
700 909 832 948 genus
853 901 897 934 et
916 909 1022 934 nova
1040 908 1200 947 poenae

233 965 417 1007 inventa,
438 961 631 1013 exemplo
651 975 733 1013 quo
752 961 966 1013 trepident
985 961 1068 1000 alii.

179 1028 251 1066 ille
271 1030 465 1079 supinata
482 1027 667 1066 residens
687 1030 868 1065 cervice:
902 1026 925 1040 “
946 1025 1079 1079 quis,'’
1098 1029 1249 1079 inquit,
1351 1028 1402 1068 85

235 1092 258 1107 “
278 1093 457 1132 dicitur?
478 1092 501 1105 ’'
522 1093 743 1132 adfirmant
762 1093 889 1132 dicier
909 1092 1198 1145 Hippolytum.

182 1158 205 1172 “
227 1173 326 1211 ergo
346 1161 400 1197 sit
420 1159 688 1211 Hippolytus,
708 1161 872 1210 quatiat
891 1159 1118 1210 turbetque
1137 1158 1311 1212 iugales,

233 1228 500 1276 intereatque
520 1224 616 1263 feris
636 1224 885 1263 dilaceratus
906 1223 1066 1276 equis.'’

186 1294 253 1329 vix
272 1291 376 1329 haec
394 1291 478 1337 ille,
498 1290 580 1329 duo
599 1296 754 1343 cogunt
774 1290 967 1329 animalia
985 1289 1091 1329 freni

233 1359 378 1409 ignara
396 1359 560 1395 insueto
580 1356 757 1395 subdere
776 1356 882 1395 colla
899 1359 1011 1409 iugo,
1352 1357 1403 1396 90

184 1436 266 1461 non
285 1422 460 1461 stabulis
477 1422 672 1460 blandive
691 1436 816 1460 manu
836 1422 1006 1475 palpata
1024 1424 1212 1475 magistri

236 1491 540 1540 imperiumque
561 1490 712 1540 equitis
733 1494 831 1526 ante
851 1489 1024 1527 subacta
1041 1491 1145 1540 pati,

185 1554 258 1593 sed
278 1559 511 1606 campestre
530 1567 636 1606 vago
655 1567 788 1606 nuper
805 1567 931 1606 pecus
952 1567 975 1592 e
994 1567 1123 1607 grege
1142 1559 1326 1606 captum,

238 1620 350 1671 quod
368 1633 496 1671 pavor
513 1619 716 1658 indomito
735 1620 857 1658 corde
877 1618 1032 1658 ferinus
1053 1622 1153 1672 agit.

184 1688 351 1736 iamque
371 1685 624 1724 reluctantes
644 1688 848 1724 sociarant
867 1685 1030 1724 vincula
1047 1686 1180 1738 bigas,
1353 1688 1403 1728 95

237 1764 391 1802 oraque
412 1751 589 1789 discordi
608 1750 777 1789 foedere
796 1757 1042 1790 nexuerant.

185 1819 363 1855 temonis
383 1819 471 1855 vice
490 1816 598 1854 funis
618 1819 741 1862 inest,
761 1819 832 1868 qui
851 1822 971 1869 terga
989 1816 1165 1855 duorum

238 1882 386 1920 dividit
405 1888 450 1920 et
468 1882 629 1920 medius
648 1885 786 1934 tangit
805 1888 1028 1934 utrumque
1046 1882 1170 1928 latus,

186 1947 323 1999 deque
343 1950 439 2000 iugo
458 1950 502 1986 in
519 1947 690 2000 longum
709 1961 752 1986 se
772 1954 867 2000 post
886 1950 1062 2001 vestigia
1079 1953 1191 1987 retro

238 2013 491 2065 protendens
511 2013 704 2060 trahitur,
723 2017 873 2054 transit
893 2019 937 2054 et
955 2016 1039 2069 ima
1057 2013 1225 2067 pedum.
1330 2016 1404 2056 100

185 2115 259 2155 310
