1456 2358
635 137 997 178 PRUDENTIUS

208 247 383 286 audiunt
403 248 628 297 statimque
649 245 701 283 ad
721 258 863 282 aurem
882 246 990 295 regis
1011 245 1171 282 aeterni
1189 242 1343 282 ferunt.

259 307 355 345 inde
374 306 489 358 larga
508 305 623 344 fonte
645 306 695 343 ab
715 307 803 356 ipso
823 304 932 342 dona
951 306 1070 342 terris
1090 302 1283 349 influunt,

208 367 439 419 supplicum
459 380 601 404 causas
621 367 764 416 petitis
784 378 890 416 quae
910 364 1098 402 medellis
1117 366 1310 416 inrigant.
1373 365 1424 404 20

208 428 266 466 nil
285 430 366 465 suis
385 428 518 465 bonus
538 428 708 478 negavit
727 425 912 464 Christus
932 437 1130 475 umquam
1148 424 1340 469 testibus,

261 489 438 526 testibus
458 501 559 538 quos
579 500 655 524 nec
675 492 863 531 catenae,
882 485 986 523 dura
1004 498 1080 523 nec
1099 498 1208 523 mors
1227 486 1379 523 terruit

208 551 375 587 unicum
395 548 534 586 Deum
553 546 677 584 fateri
696 547 906 597 sanguinis
925 545 1157 596 dispendio,

209 611 432 661 sanguinis,
452 608 526 646 sed
544 607 629 645 tale
649 606 847 644 damnum
865 605 937 643 lux
956 605 1150 656 rependit
1167 604 1340 657 longior.

261 669 338 707 hoc
358 682 490 721 genus
510 669 653 706 mortis
675 667 870 705 decorum
892 671 970 712 est,
990 665 1068 704 hoc
1088 666 1227 717 probis
1247 665 1423 717 dignum

313 731 421 774 viris,
1201 744 1203 746 ·
1375 725 1426 765 25

210 790 397 828 membra
414 789 566 828 morbis
587 787 818 834 exedenda,
837 791 959 825 texta
977 788 1091 824 venis
1108 785 1330 838 languidis,
1438 788 1440 794 '

210 850 367 889 hostico
386 850 540 888 donare
559 848 682 894 ferro,
700 853 835 886 morte
856 853 900 886 et
918 846 1082 885 hostem
1100 848 1279 885 vincere.

261 910 433 962 pulchra
450 924 515 949 res
534 912 663 948 ictum
682 909 758 947 sub
779 921 876 947 ense
896 909 1169 959 persecutoris
1187 908 1289 958 pati.

210 970 358 1009 nobilis
376 984 451 1022 per
468 969 615 1008 vulnus
636 968 819 1019 amplum
838 972 960 1019 porta
976 969 1094 1005 iustis
1113 967 1331 1018 panditur:

209 1031 296 1070 lota
314 1044 430 1069 mens
449 1033 492 1068 in
510 1029 626 1068 fonte
645 1029 769 1067 rubro
788 1028 887 1067 sede
907 1027 1039 1066 cordis
1059 1027 1190 1066 exilit.
1376 1027 1428 1067 30
1446 1040 1450 1043 ’

263 1105 340 1129 nec
357 1091 504 1129 rudem
523 1089 638 1127 crudi
656 1088 805 1127 laboris
826 1094 923 1126 ante
942 1090 1071 1126 vitam
1090 1086 1299 1126 duxerant

211 1152 363 1190 milites
383 1164 485 1202 quos
505 1149 558 1188 ad
576 1162 759 1201 perenne
778 1147 991 1200 cingulum
1010 1147 1196 1186 Christus
1219 1151 1348 1185 vocat.

212 1217 332 1250 sueta
350 1214 478 1250 virtus
496 1210 608 1249 bello
629 1215 672 1248 et
692 1211 813 1247 armis
832 1208 987 1247 militat
1005 1206 1221 1246 sacrariis}

265 1272 450 1311 Caesaris
469 1270 621 1309 vexilla
638 1269 846 1321 linquunt,
867 1268 1029 1320 eligunt
1047 1269 1210 1320 signum
1229 1268 1356 1305 crucis

212 1345 369 1385 proque
389 1333 568 1369 ventosis
588 1330 825 1374 draconum,
846 1342 947 1380 quos
966 1328 1184 1381 gerebant,
1202 1326 1338 1379 palliis
1377 1328 1428 1368 35

212 1391 453 1444 praeferunt
471 1393 631 1443 insigne
650 1390 823 1441 lignum,
843 1388 954 1440 quod
973 1388 1194 1427 draconem
1213 1386 1412 1426 subdidit.

265 1452 344 1491 vile
363 1457 535 1490 censent
555 1450 760 1502 expeditis
779 1449 888 1488 ferre
907 1448 1064 1487 dextris
1084 1447 1254 1500 spicula,

213 1512 410 1551 machinis
429 1525 592 1550 murum
611 1510 747 1556 ferire,
767 1515 902 1548 castra
920 1508 1037 1547 fossis
1056 1510 1236 1560 cingere,

212 1575 344 1625 inpias
363 1585 509 1610 manus
528 1573 708 1609 cruentis
726 1572 942 1620 inquinare
962 1568 1181 1620 stragibus.

265 1632 373 1672 forte
392 1638 492 1671 tunc
511 1637 630 1670 atrox
649 1630 849 1669 secundos
870 1628 1082 1668 Istrahelis
1100 1633 1287 1680 posteros
1376 1627 1430 1669 40

283 1727 297 1749 ¹
320 1727 351 1760 A
370 1727 432 1760 has
448 1737 542 1760 nunc
558 1726 641 1760 fidei
657 1725 800 1765 militat,
817 1725 925 1758 which
940 1725 1112 1766 Berqman
1125 1723 1253 1765 prims.

259 1882 275 1898 ⁰
298 1877 372 1910 The
389 1877 524 1910 banner
539 1876 693 1909 referred
709 1878 748 1908 to
765 1878 804 1907 at
822 1874 919 1908 Gath.
936 1885 971 1912 V,
989 1874 1045 1907 56.

261 1921 275 1943 ὓ
298 1922 342 1954 In
357 1932 378 1953 a
394 1921 535 1953 Roman
550 1920 619 1952 will
634 1930 655 1952 a
672 1919 693 1933 “
707 1919 838 1952 second
852 1918 927 1951 heir
942 1918 962 1932 ”
979 1928 1051 1950 was
1066 1927 1132 1950 one
1146 1916 1226 1949 who
1241 1915 1434 1949 sucoeeded

214 1966 246 1999 if
271 1965 332 1998 the
362 1965 438 1999 first
469 1965 543 1996 heir
571 1963 678 1996 failed
708 1974 747 1995 or
776 1963 838 1995 did
866 1964 931 1995 not
960 1964 1084 2003 accept
1112 1960 1174 1993 the
1203 1960 1433 1993 inheritance.

216 2009 403 2051 Similarly,
439 2008 500 2040 the
533 2007 787 2040 Christianised
819 2005 966 2049 gentiles
999 2005 1142 2038 became
1175 2003 1267 2037 heirs
1299 2006 1339 2036 to
1370 2002 1434 2037 the

215 2053 433 2086 inheritance
450 2052 490 2084 of
503 2051 612 2084 Israel
629 2051 777 2084 because
793 2050 855 2083 the
870 2049 965 2082 Jews
981 2048 1120 2081 refused
1136 2049 1176 2081 it.

219 2129 288 2154 100
