1456 2358
132 2092 202 2142 156

561 110 923 153 PRUDENTIUS

237 218 348 264 vilia,
366 218 564 264 marcida,
583 217 693 257 festa
711 224 868 258 tamen.
1271 221 1347 263 210

287 275 344 312 sic
362 275 598 312 venerarier
616 287 708 312 ossa
725 273 830 314 libet
1270 295 1272 298 ·

235 328 393 366 ossibus
413 327 519 366 altar
538 334 582 367 et
600 330 849 380 inpositum:

234 382 306 420 illa
325 383 407 421 Dei
426 385 507 421 sita
525 383 602 421 sub
620 383 796 434 pedibus

234 439 432 489 prospicit
450 436 553 475 haec
571 437 829 489 populosque
848 452 942 477 suos

234 494 415 530 carmine
434 494 661 544 propitiata
679 491 807 531 fovet.
1271 496 1346 536 215

709 748 767 786 IV

221 845 403 883 HYMNUS
433 857 476 882 1N
506 845 718 883 HONOREM
747 844 997 884 SANCTORUM
1027 845 1178 884 DECEM
1206 858 1257 884 ΕΤ

279 899 392 938 Οοτο
423 899 673 938 MARTYRUM
702 900 1207 939 CAESARAUGUSTANORUM.

234 979 304 1018 B1s
324 992 473 1017 novem
493 985 636 1018 noster
654 979 831 1031 populus
851 980 929 1018 sub
948 994 1031 1018 uno

233 1040 463 1086 martyrum
482 1040 621 1073 servat
639 1037 797 1073 cineres
816 1034 1026 1086 sepulcro:

234 1089 609 1141 Caesaraugustam
628 1091 856 1128 vocitamus
875 1090 1021 1128 urbem

440 1157 506 1182 res
525 1146 591 1182 cui
609 1149 730 1183 tanta
750 1149 826 1182 est.

233 1198 358 1250 plena
376 1212 622 1251 magnorum
640 1198 787 1237 domus
807 1198 1048 1251 angelorum
1321 1201 1346 1240 5

233 1267 316 1292 non
335 1255 459 1292 timet
477 1253 622 1292 mundi
640 1253 796 1306 fragilis
814 1256 990 1299 ruinam,

233 1313 299 1347 tot
318 1310 409 1346 sinu
427 1313 597 1360 gestans
616 1308 737 1346 simul
755 1307 966 1347 offerenda

441 1376 615 1401 munera
634 1362 810 1401 Christo.

234 1431 329 1456 cum
349 1417 464 1456 Deus
484 1417 676 1456 dextram
696 1419 887 1469 quatiens
907 1430 1118 1456 coruscam

234 1472 345 1510 nube
365 1472 564 1510 subnixus
583 1474 724 1510 veniet
742 1472 920 1510 rubente
1297 1475 1346 1512 10

234 1527 431 1579 gentibus
449 1529 602 1565 iustam
621 1529 828 1578 positurus
849 1540 982 1579 aequo

442 1581 627 1633 pondere
646 1581 808 1627 libram,

235 1636 335 1674 orbe
355 1636 407 1674 de
426 1649 579 1688 magno
598 1642 724 1687 caput
744 1638 928 1674 excitata

235 1691 398 1729 obviam
418 1690 582 1729 Christo
600 1696 873 1742 properanter
890 1691 969 1729 ibit

235 1748 378 1784 civitas
398 1758 589 1797 quaeque
608 1747 790 1796 pretiosa
807 1750 978 1797 portans
1295 1747 1344 1787 15

442 1800 553 1838 dona
571 1802 771 1838 canistris.

235 1854 339 1893 Afra
358 1854 567 1907 Carthago
586 1860 661 1893 tua
679 1860 843 1906 promet
861 1868 966 1901 ossa,

234 1923 304 1947 ore
324 1908 503 1947 facundo
522 1909 728 1961 Cypriane
748 1909 906 1955 doctor,

234 1963 427 2002 Corduba
446 1963 652 2002 Acisclum
671 1963 789 2002 dabit
809 1970 852 2002 et
872 1964 1070 2011 Zoellum,

442 2024 611 2070 tresque
631 2031 813 2057 coronas,
1121 2022 1123 2024 ’
1292 2021 1343 2061 20
