1456 2358
199 2138 273 2187 298

624 168 987 210 PRUDENTIUS

355 275 464 313 hunc
482 277 745 327 inquinatum
763 275 916 315 talibus
936 279 1151 329 contagiis,

303 339 402 377 tabo
420 341 599 377 recentis
618 339 830 378 sordidum
848 338 1014 391 piaculi,

302 415 445 439 omnes
465 401 650 440 salutant
670 408 797 454 atque
818 402 992 441 adorant
1012 405 1186 449 eminus,

302 464 390 502 vilis
411 465 522 516 quod
539 464 658 503 illum
676 468 842 518 sanguis
863 471 907 504 et
925 466 998 504 bos
1017 471 1204 505 mortuus

303 526 435 565 foedis
454 527 659 566 latentem
678 529 754 567 sub
774 531 957 567 cavernis
976 528 1165 568 laverint.
1315 531 1416 571 1050

356 590 556 628 addamus
575 590 705 637 illam,
724 594 798 637 vis,
816 591 1093 630 hecatomben
1111 597 1243 639 tuam,

303 659 481 691 centena
499 652 608 692 ferro
627 667 722 692 cum
741 654 898 692 cadunt
917 654 1124 700 animalia,

303 718 499 767 variaque
519 717 734 755 abundans
754 717 882 756 caede
901 722 1118 769 restagnat
1136 730 1268 764 cruor,

303 781 370 816 vix
390 784 438 817 ut
457 782 637 818 cruentis
658 793 834 832 augures
854 780 1067 818 natatibus

301 843 460 892 possint
478 855 618 880 meare
637 856 712 894 per
729 841 983 894 profundum
1001 842 1240 895 sanguinis?
1313 845 1413 884 1055

354 905 429 943 sed
448 905 548 956 quid
566 905 788 944 macellum
806 908 961 958 pingue
980 905 1269 957 pulvinarium,

303 967 404 1018 quid
422 970 697 1006 maximorum
715 968 989 1007 lancinatores
1007 981 1184 1021 gregum

305 1033 532 1069 eviscerata
551 1044 673 1069 carne
693 1031 839 1070 crudos
859 1031 1078 1070 criminor?

305 1099 402 1132 sunt
421 1107 536 1132 sacra
555 1094 721 1145 quando
740 1100 902 1132 vosmet
919 1096 997 1146 ipsi
1016 1093 1220 1140 exciditis,

306 1159 465 1195 votivus
486 1162 530 1195 et
549 1170 643 1195 cum
661 1157 849 1195 membra
867 1157 1090 1196 detruncat
1108 1156 1237 1196 dolor.
1317 1159 1418 1198 1060

357 1219 537 1258 cultrum
555 1222 598 1257 in
616 1220 792 1258 lacertos
813 1222 946 1259 exerit
965 1219 1169 1259 fanaticus

304 1284 510 1334 sectisque
533 1282 717 1321 Matrem
735 1282 934 1321 bracchiis
952 1282 1092 1334 placat
1110 1282 1248 1329 deam,

305 1343 442 1383 furere
462 1358 509 1383 ac
528 1348 655 1384 rotari
673 1348 735 1384 ius
754 1351 928 1397 putatur
946 1348 1191 1398 mysticum3

304 1421 428 1459 parca
447 1408 500 1446 ad
519 1408 744 1447 secandum
763 1409 913 1447 dextra
931 1407 1064 1447 fertur
1081 1410 1208 1460 inpia,
1379 1426 1381 1428 ·

304 1470 466 1509 caelum
483 1477 668 1510 meretur
687 1471 904 1510 vulnerum
923 1471 1158 1510 crudelitas.
1317 1473 1416 1513 1065

357 1539 423 1572 ast
440 1533 507 1572 hic
525 1534 725 1573 metenda
743 1534 910 1573 dedicat
928 1533 1142 1586 genitalia,

305 1610 459 1635 numen
478 1599 608 1636 reciso
626 1600 822 1649 mitigans
843 1598 895 1635 ab
913 1599 1084 1649 inguine

305 1658 425 1698 offert
443 1660 686 1711 pudendum
706 1662 870 1698 semivir
889 1660 1044 1698 donum
1063 1659 1192 1698 deae:

303 1722 417 1760 illam
435 1723 598 1761 revulsa
616 1722 830 1761 masculini
848 1725 1044 1775 germinis

304 1799 410 1824 vena
429 1785 613 1824 effluenti
632 1788 764 1837 pascit
783 1792 949 1824 auctam
968 1787 1182 1838 sanguine.
1316 1785 1418 1826 1070

356 1854 534 1900 uterque
553 1862 675 1887 sexus
694 1851 907 1887 sanctitati
926 1848 1132 1900 displicet,

303 1911 488 1950 medium
506 1917 693 1950 retentat
712 1914 821 1950 inter
841 1911 1048 1950 alternum
1066 1923 1214 1963 genus,

303 1987 391 2012 mas
412 1987 501 2013 esse
521 1980 656 2013 cessat
673 1974 759 2020 ille,
777 1987 854 2012 nec
874 1973 921 2013 fit
939 1973 1107 2012 femina.

304 2036 404 2075 felix
424 2037 595 2076 deorum
615 2043 750 2077 mater
767 2037 960 2077 inberbes
980 2037 1057 2076 sibi
