1456 2358
166 2094 239 2132 216

596 113 959 157 PRUDENTIUS

328 222 416 258 saxi
435 220 620 271 pondera
639 224 859 261 sustinens.

380 280 574 326 spectant
594 278 753 314 eminus
774 290 796 315 e
816 277 903 316 solo

328 329 541 367 doctorem
560 330 699 381 pavidi
717 344 891 384 greges3

327 397 425 421 nam
444 383 597 422 Christi
615 386 791 436 populus
811 385 1006 439 frequens

327 441 510 489 riparum
530 442 762 478 sinuamina

328 495 483 544 stipato
503 496 668 546 agmine
688 502 915 547 saepserat.

379 547 454 585 sed
473 547 683 595 Quirinus,
702 555 750 588 ut
770 553 957 591 eminens

327 615 371 640 os
391 603 658 649 circumtulit,
676 604 774 651 heu,
793 619 887 644 suos

328 657 520 708 exemplo
539 659 724 710 trepidos
744 660 872 707 videt,

327 711 386 749 nil
403 714 492 763 ipse
511 715 665 764 proprii
683 727 842 753 memor

326 768 437 804 inter
455 772 605 819 stagna
622 769 807 819 periculi.

379 821 595 860 confirmat
613 825 683 874 pia
700 829 886 875 pectora,

326 876 461 914 verbis
481 876 828 931 mitificisrogans

326 943 379 968 ne
399 943 525 982 quem
544 931 645 970 talia
664 938 866 980 terreant,

326 998 408 1022 neu
428 991 621 1025 constans
641 988 800 1026 titubet
818 988 920 1028 fides

327 1045 401 1077 aut
419 1053 598 1091 poenam
617 1047 742 1092 putet
761 1046 901 1082 emori.

378 1094 589 1133 dicentem
607 1095 868 1136 fluitantibus

327 1151 457 1187 amnis
476 1155 597 1202 terga
615 1151 773 1191 vehunt
792 1153 920 1199 vadis,

326 1216 403 1242 nec
422 1204 633 1243 substrata
650 1205 910 1257 profunditas

326 1271 510 1310 saxoque
531 1265 574 1298 et
593 1259 743 1312 laqueo
764 1268 807 1301 et
826 1265 912 1301 viro

327 1313 456 1351 audet
475 1320 623 1365 sponte
644 1315 869 1355 dehiscere.

378 1370 508 1406 sensit
526 1375 685 1422 martyr
705 1373 919 1423 episcopus

326 1424 408 1460 iam
427 1428 591 1473 partam
610 1425 687 1463 sibi
705 1429 885 1478 praeripi

325 1476 507 1528 palmam
526 1481 669 1517 mortis
690 1485 734 1518 et
754 1483 904 1527 exitus,

327 1544 625 1584 ascensumque
645 1538 836 1587 negarier

327 1589 486 1624 aeterni
507 1587 560 1625 ad
578 1588 725 1627 solium
745 1587 891 1629 Patris.

379 1640 401 1653 “
424 1641 518 1679 Iesu
537 1644 869 1695 cunctipotens‚''
889 1648 962 1692 ait,

326 1694 349 1708 ‘⁴
369 1695 692 1748 haudquaquam
711 1699 788 1737 tibi
806 1699 937 1751 gloria

325 1749 429 1788 haec
449 1757 513 1789 est
530 1751 697 1791 insolita
716 1759 789 1792 aut
807 1767 927 1800 nova,

325 1804 483 1843 calcare
503 1804 715 1845 fremitum
734 1811 856 1846 maris

321 1872 451 1910 prona
471 1865 514 1898 et
533 1859 703 1899 flumina
722 1865 881 1902 sistere.

373 1916 522 1952 scimus
541 1914 786 1967 discipulum
807 1917 992 1965 Petrum,

323 1981 417 2006 cum
436 1971 612 2021 vestigia
630 1973 844 2023 tingueret

323 2023 487 2061 mortali
507 2025 693 2076 trepidus
712 2026 835 2078 pede,

1336 502 1387 541 35

1336 774 1387 813 40

1335 1048 1386 1088 45

1334 1323 1385 1361 50

1333 1596 1383 1634 55

1330 1868 1380 1907 60
