1456 2358
536 135 540 139 ’
611 153 973 195 PRUDENTIUS

293 262 473 298 animam
492 274 568 298 nec
587 263 699 299 intus
719 260 907 299 abditam
924 262 1144 306 rimamini,

293 317 473 366 erumpit
492 315 602 353 unde
623 328 702 353 vox
720 313 894 366 profana
910 317 954 353 in
972 315 1228 367 principem?
1248 313 1272 328 '’
1326 316 1403 357 450

343 369 538 408 scindunt
556 375 780 421 utrumque
799 369 953 408 milites
971 372 1203 409 taeterrimi

292 437 486 462 mucrone
505 423 642 462 hiulco
660 423 828 475 pensilis
847 424 956 463 latus
975 427 1064 471 viri,

292 478 453 517 sulcant
471 492 547 530 per
566 484 678 517 artus
697 478 822 531 longa
840 481 1007 518 tractim
1025 479 1210 526 vulnera,

292 533 461 584 obliqua
477 536 616 579 rectis,
635 539 750 571 recta
768 536 1009 572 transversis
1029 539 1187 580 secant,
1420 584 1423 586 q

293 594 337 626 et
356 590 439 625 iam
457 590 626 626 retectis
646 593 792 639 pectus
812 588 928 627 albet
946 589 1116 627 ossibus.
1327 589 1403 630 455

344 642 516 680 nitendo
536 642 748 688 anhelant,
767 642 960 681 diffluunt
978 642 1208 689 sudoribus,

293 710 387 734 cum
406 699 460 735 sit
479 699 645 748 quietus
664 696 784 736 heros
803 699 847 735 in
866 711 991 748 quem
1010 700 1212 736 saeviunt.

292 751 395 789 haec
413 754 524 790 inter
543 751 661 790 addit
679 757 828 803 sponte
847 751 1056 790 Romanus
1074 751 1210 807 loqui:

293 806 316 819 “
336 809 369 844 si
389 809 566 858 quaeris,
586 820 610 844 ο
629 805 856 857 praefecte,
875 820 1020 845 verum
1037 819 1221 853 noscere,

292 860 369 899 hoc
388 874 525 906 omne,
545 861 747 912 quidquid
765 860 1033 907 lancinamur,
1051 875 1135 900 non
1153 861 1280 900 dolet.
1326 862 1404 902 460

345 915 460 954 dolet
479 915 588 966 quod
610 929 721 954 error
738 918 898 967 pectori
916 915 1069 955 insedit
1087 922 1176 962 tuo,

292 970 464 1021 populos
485 970 595 1021 quod
614 973 714 1009 istos
732 970 916 1022 perditos
936 970 952 994 1
970 976 1112 1009 tecum
1129 970 1272 1009 trahis.

292 1030 462 1063 currunt
481 1024 722 1076 frequentes
742 1025 925 1076 undique
945 1025 999 1063 ad
1017 1025 1315 1077 spectaculum,

292 1079 450 1131 gentile
470 1079 631 1131 vulgus,
650 1079 747 1125 heu,
766 1080 975 1132 gemenda
993 1093 1176 1132 corpora,

292 1134 547 1185 crudumque
561 1140 727 1172 nostrae
741 1137 860 1173 sortis
876 1134 1114 1186 exemplum
1126 1134 1404 1176 tremunt.465

345 1189 487 1227 audite
507 1191 667 1227 cuncti:
701 1189 833 1227 clamo
850 1189 974 1241 longe
994 1203 1041 1227 ac
1058 1189 1267 1241 praedico,

294 1246 442 1281 emitto
462 1257 605 1281 vocem
624 1243 677 1282 de
697 1249 858 1282 catasta
877 1244 1044 1282 celsior:

293 1297 479 1336 Christus
498 1304 699 1349 paternae
718 1298 874 1350 gloriae
893 1298 1101 1350 splendor,
1121 1298 1251 1344 Deus,

293 1366 431 1390 rerum
449 1358 623 1398 creator,
643 1358 784 1391 noster
801 1353 914 1391 idem
931 1356 1139 1405 particeps

294 1407 472 1458 spondet
490 1406 670 1445 salutem
687 1412 907 1459 perpetem
926 1407 1205 1453 credentibus,
1328 1408 1405 1447 470

347 1464 508 1500 animae
528 1461 721 1507 salutem,
740 1461 827 1500 sola
846 1475 953 1513 quae
972 1476 1055 1500 non
1074 1462 1224 1501 occidit

294 1516 367 1554 sed
386 1518 483 1568 iuge
503 1516 654 1554 durans
674 1516 858 1567 dispares
878 1529 994 1555 casus
1014 1517 1148 1562 subit;

296 1576 370 1609 aut
387 1570 479 1608 luce
499 1570 634 1622 fulget
654 1576 727 1609 aut
745 1571 928 1609 tenebris
947 1573 1172 1623 mergitum

295 1624 505 1664 Christum
524 1631 667 1663 secuta
687 1623 820 1663 Patris
838 1628 968 1664 intrat
986 1626 1174 1677 gloriam,

295 1680 500 1718 disiuncta
519 1679 683 1718 Christo
702 1683 961 1731 mancipatur
979 1680 1164 1719 Tartaro.
1328 1681 1404 1721 475
1448 1677 1456 1687 ⁶

347 1734 529 1773 curanda
546 1737 693 1772 mercis
713 1734 906 1786 qualitas,
926 1748 1132 1786 quaenam
1149 1734 1251 1773 mihi

295 1791 511 1842 contingat
530 1788 629 1827 olim
647 1791 831 1840 perpetis
850 1790 1132 1835 substantiae3

296 1857 393 1881 nam
411 1844 599 1882 membra
616 1846 732 1895 parvi
750 1843 888 1895 pendo
908 1857 989 1895 quo
1007 1849 1131 1895 pacto
1150 1843 1315 1889 cadant,

295 1911 439 1936 casura
458 1904 572 1937 certe
590 1897 685 1950 lege
704 1904 878 1937 naturae
898 1911 1010 1937 suae.
1447 1906 1456 1951 j

295 1955 424 1991 instat
442 1955 583 1998 ruina3
617 1952 729 2004 quod
746 1953 1036 1991 resolvendum
1056 1957 1134 1999 est,
1152 1958 1259 1992 ruat.
1328 1953 1406 1992 480
1440 1939 1456 2054 ἱ

348 2020 424 2045 nec
443 2007 586 2053 distat,
605 2010 711 2059 ignis
731 2013 775 2047 et
794 2007 983 2046 fidiculae
1003 2009 1204 2053 saeviant,
1435 2008 1437 2010 ’

1444 2064 1456 2088 ι

215 2135 238 2173 6
522 2088 535 2108 ²
558 2087 719 2131 perditus
734 2088 814 2128 BN,
832 2088 1012 2131 perditum
1034 2088 1076 2123 V.

190 2146 211 2173 2
240 2147 263 2172 0
