1456 2358
586 112 948 154 PRUDENTIUS

267 235 392 273 quam
411 226 534 259 nocte
554 233 756 272 quaerens
776 226 911 259 mater
931 226 1041 259 errat
1059 220 1260 273 pervigil?

268 276 379 314 fusos
397 281 608 314 rotantem
627 278 831 313 cernimus
849 275 1135 327 Tirynthium:

267 344 353 376 cur,
372 333 405 368 si
426 330 613 368 Neaerae
633 343 715 368 non
734 329 814 368 fuit
831 330 1036 368 ludibrio?
1302 331 1378 370 240

322 385 449 436 quid?
482 387 728 423 rusticorum
747 390 932 423 monstra
950 385 1136 423 detester
1154 384 1294 431 deum,

270 439 447 484 Faunos,
467 437 650 490 Priapos,
670 439 900 477 fistularum
917 439 1142 491 praesides,

269 493 472 546 nymphas
491 499 687 532 natantes
705 493 942 545 incolasque
961 493 1178 546 aquatiles,

269 552 368 587 sitas
389 548 465 587 sub
485 548 584 594 alto,
602 561 717 586 more
735 562 942 594 ranarum,
960 548 1067 594 lacu,

269 603 497 642 divinitatis
515 605 578 641 ius
596 605 639 640 in
659 602 760 654 algis
779 603 954 642 vilibus?
1302 604 1377 644 245

323 658 375 696 ad
394 657 497 695 haec
516 657 689 696 colenda
707 670 775 695 me
794 671 928 703 vocas,
947 671 1091 696 censor
1108 658 1245 696 bone?

271 718 445 764 potesne
466 712 693 763 quidquam
711 712 812 758 tale,
831 715 864 750 si
883 726 1029 750 sanum
1048 715 1170 764 sapis,

271 773 460 806 sanctum
479 767 657 818 putare?
691 780 828 805 nonne
847 767 1087 818 pulmonem
1106 773 1246 806 movet

271 822 429 860 derisus
448 823 548 859 istas
567 824 733 860 intuens
753 824 945 873 ineptias,

271 890 373 928 quas
393 875 628 914 vinolentae
648 878 814 914 somniis
834 876 998 928 fingunt
1017 876 1147 915 anus?
1306 878 1382 918 250

324 936 397 969 aut
416 933 448 968 si
469 930 580 982 quod
599 944 775 982 usquam
795 937 860 969 est
878 933 1074 970 vanitatis
1093 933 1295 984 mysticae

271 986 387 1023 nobis
407 985 627 1023 colendum
647 991 725 1031 est,
744 987 832 1036 ipse
851 988 1007 1037 primus
1025 988 1183 1037 incipe:

270 1042 470 1091 promisce
491 1039 616 1078 adora
636 1039 838 1091 quidquid
856 1043 900 1078 in
917 1043 1037 1078 terris
1057 1042 1160 1078 sacri
1180 1045 1258 1086 est,

272 1094 371 1133 deos
393 1094 562 1132 Latinos
584 1100 628 1133 et
646 1095 745 1132 deos
766 1095 1013 1147 AegyptiOS,

272 1152 362 1201 quis
382 1149 514 1187 Roma
530 1149 649 1194 libat,
669 1151 759 1200 quis
779 1145 970 1200 Canopus
989 1149 1206 1201 supplicat.
1307 1151 1382 1191 255

323 1202 530 1241 Venerem
549 1206 741 1254 precaris,
761 1217 1008 1255 conprecare
1028 1209 1071 1242 et
1090 1206 1264 1242 simiam.

275 1258 414 1310 placet
433 1264 616 1296 sacratus
636 1261 744 1309 aspis
763 1258 1021 1310 Aesculapii:

271 1312 526 1358 crocodillus,
544 1313 622 1350 ibis
643 1319 686 1351 et
705 1315 815 1351 canis
835 1327 907 1351 cur
925 1313 1172 1364 displicent?

271 1367 433 1419 adpone
453 1370 581 1419 porris
600 1367 812 1419 religiosas
832 1368 981 1413 arulas,

271 1435 468 1460 venerare
489 1422 683 1460 acerbum
701 1435 844 1473 caepe,
863 1422 1035 1460 mordax
1055 1422 1210 1461 allium.
1307 1424 1383 1463 260

323 1476 533 1528 fuliginosi
552 1482 645 1514 ture
664 1476 882 1527 placantur
899 1476 1020 1522 lares,

273 1537 317 1569 et
336 1537 587 1583 respuuntur
605 1537 845 1570 consecrata
862 1531 1102 1569 holuscula?

273 1591 346 1624 aut
365 1586 476 1624 unde
495 1588 625 1624 maior
644 1598 734 1624 esse
753 1588 948 1624 maiestas
967 1585 1066 1624 focis

272 1654 398 1691 quam
416 1646 517 1679 nata
534 1642 577 1678 in
595 1640 724 1678 hortis
744 1640 957 1679 sarculatis
976 1640 1186 1679 creditur?

211 1768 227 1783 ‘²
251 1763 461 1806 Proserpina
489 1762 753 1806 (Persephone),
778 1762 953 1806 daughter
980 1763 1021 1796 of
1044 1763 1147 1797 Ceres
1174 1763 1382 1807 (Demeter),

167 1807 302 1840 carried
318 1807 371 1840 off
383 1807 475 1840 from
492 1807 621 1840 Henna
636 1807 673 1840 in
690 1806 797 1849 Sicily
814 1807 862 1849 by
879 1807 943 1840 Dis
959 1807 1108 1848 (Pluto).
1154 1807 1229 1840 Her
1244 1807 1384 1842 mother

166 1850 335 1884 searehed
348 1850 410 1883 the
423 1850 533 1883 world
551 1851 607 1883 for
619 1850 693 1883 her.
740 1850 860 1891 (Ovid,
876 1851 1177 1892 Metamorphoses,
1191 1851 1234 1890 V,
1249 1852 1314 1885 385
1329 1851 1382 1892 ff.)

213 1893 227 1915 ⁶
250 1894 433 1933 Hercules,
450 1895 568 1927 whom
585 1898 686 1938 story
702 1895 898 1928 connected
917 1895 1005 1928 with
1019 1895 1081 1928 the
1096 1896 1238 1928 ancient
1254 1896 1330 1938 city
1345 1895 1387 1929 of
1423 1900 1425 1902 '

167 1939 306 1980 Tiryns.
354 1938 498 1980 Having
519 1938 662 1971 become
680 1938 796 1981 guilty
817 1937 858 1971 of
874 1938 1028 1977 murder,
1051 1938 1096 1971 he
1116 1948 1188 1972 was
1210 1938 1233 1971 b
1279 1939 1383 1972 order

167 1982 208 2015 of
217 1982 362 2024 Jupiter
375 1981 453 2014 sold
466 1985 505 2014 to
521 1981 705 2024 Omphale,
729 1981 849 2021 Quaen
871 1982 911 2015 of
928 1981 1053 2026 Lydia,
1070 1982 1183 2016 under
1203 1993 1234 2015 w
1261 1992 1319 2016 om
1338 1981 1383 2016 he

167 2026 230 2059 did
244 2025 412 2059 women's
427 2025 524 2058 work
540 2025 595 2058 for
610 2036 632 2058 a
646 2036 742 2068 year.

169 2089 250 2138 246.
