1456 2358
583 114 947 157 PRUDENTIUS

155 228 380 276 temptavit
400 225 571 263 Geticus
590 237 722 276 nuper
741 223 881 262 delere
900 229 1100 275 tyrannus

156 295 320 335 Italiam
339 298 473 348 patrio
492 298 660 334 veniens
679 297 836 333 iuratus
857 295 908 332 ab
928 294 1070 332 Histro

153 367 227 406 has
248 381 360 406 arces
381 380 560 419 aequare
580 366 679 412 solo,
699 372 814 405 tecta
833 379 958 404 aurea
976 364 1151 403 flammis

154 439 326 484 solvere,
346 441 562 477 mastrucis
580 451 770 490 proceres
789 439 941 476 vestire
960 442 1148 489 togatos3
1194 426 1199 432 ⁴

153 513 319 562 iamque
338 523 461 548 ruens
481 510 664 548 Venetos
683 511 830 548 turmis
849 511 1097 560 protriverat
1115 521 1235 560 agros
1296 509 1374 548 700

154 587 198 620 et
218 581 419 633 Ligurum
438 586 622 619 vastarat
641 593 740 632 opes
760 585 804 619 et
824 593 998 618 amoena
1015 577 1210 631 profundi

152 665 247 690 rura
267 651 370 691 Padi
387 652 650 704 Tuscumque
669 651 801 690 solum
820 653 928 690 victo
949 663 1070 689 amne
1088 650 1320 702 premebat.

153 723 314 775 depulit
332 723 406 762 hos
425 723 586 761 nimbos
607 725 795 774 equitum
814 736 897 760 non
914 721 1088 774 pervigil
1107 734 1240 767 anser,

152 795 337 846 proditor
356 794 506 833 occulti
524 794 747 833 tenebrosa
765 799 887 832 nocte
906 792 1061 845 pericli,

152 866 226 905 sed
245 868 304 904 vis
324 866 450 904 cruda
469 869 601 904 virum
619 864 909 917 perfractaque
929 864 1272 917 congredientum

151 943 322 989 pectora
340 951 417 975 nec
436 937 648 988 trepidans
669 939 828 974 animus
848 936 1120 974 subcumbere
1139 935 1225 974 leto
1295 937 1372 976 706

151 1022 225 1060 pro
243 1011 379 1060 patria
399 1014 442 1046 et
461 1008 674 1059 pulchram
693 1021 767 1059 per
785 1007 955 1046 vulnera
974 1019 1173 1059 quaerere
1190 1006 1371 1052 laudem.

151 1080 353 1131 numquid
373 1085 416 1118 et
435 1080 504 1118 ille
523 1080 610 1118 dies
632 1079 729 1117 Iove
749 1078 925 1117 contulit
944 1081 1108 1130 auspice
1128 1084 1294 1117 tantum

151 1153 314 1189 virtutis
334 1151 542 1202 pretium?
577 1150 663 1188 dux
682 1152 856 1202 agminis
875 1152 1120 1201 imperiique

152 1221 453 1274 Christipotens
473 1222 589 1260 nobis
608 1224 766 1260 iuvenis
785 1220 879 1267 fuit,
900 1227 943 1259 et
962 1234 1098 1260 comes
1119 1223 1205 1259 eius
1294 1223 1370 1262 710

151 1299 279 1345 atque
298 1307 446 1345 parens
466 1291 650 1338 Stilicho,
669 1292 784 1331 Deus
804 1306 908 1330 unus
929 1292 1114 1331 Christus
1133 1295 1310 1344 utrique.

150 1364 270 1402 huius
291 1365 470 1402 adoratis
490 1364 688 1402 altaribus
708 1369 752 1402 et
770 1377 890 1402 cruce
909 1362 1035 1407 fronti

138 1438 346 1487 inscripta
364 1438 550 1474 cecinere
569 1435 722 1474 tubae:
754 1437 887 1487 prima
905 1434 1026 1473 hasta
1044 1434 1241 1473 dracones

150 1509 391 1559 praecurrit,
411 1520 518 1558 quae
538 1506 690 1545 Christi
709 1508 869 1558 apicem
888 1505 1099 1544 sublimior
1118 1505 1248 1545 effert.

148 1578 231 1616 illic
250 1584 315 1616 ter
334 1578 450 1616 denis
469 1591 572 1630 gens
592 1577 813 1616 exitiabilis
833 1580 948 1616 annis
1293 1579 1367 1619 715

152 1648 391 1687 Pannoniae
411 1662 566 1701 poenas
586 1648 758 1687 tandem
778 1648 919 1687 deleta
937 1648 1151 1700 pependit.

198 1815 213 1831 ⁰
236 1810 415 1853 Visigoths
441 1811 553 1842 under
578 1810 694 1843 Alaric
720 1810 873 1842 invaded
900 1809 995 1852 Italy
1019 1810 1055 1842 in
1081 1811 1159 1848 401,
1186 1809 1252 1843 but
1277 1820 1366 1844 were

151 1854 302 1897 repelled
324 1855 371 1896 by
393 1854 539 1887 Stilicho
559 1858 598 1886 at
619 1854 792 1886 Pollentia
812 1854 848 1886 in
869 1855 936 1887 402
957 1864 997 1886 or
1016 1855 1083 1887 403
1104 1853 1161 1896 (cf.
1182 1853 1251 1887 line
1272 1855 1366 1896 720).

152 1899 322 1931 Claudian
347 1899 383 1930 in
408 1898 461 1930 his
485 1898 537 1930 De
561 1898 655 1930 Bello
679 1898 802 1936 Getico,
827 1897 897 1930 like
921 1897 1144 1936 Prudentius,
1169 1901 1365 1940 represents

151 1942 222 1974 this
244 1942 357 1975 battle
378 1953 416 1974 as
438 1952 459 1974 a
481 1941 644 1984 crushing
666 1941 784 1974 defeat
804 1941 845 1974 of
861 1941 923 1974 the
944 1941 1068 1980 Goths,
1090 1941 1157 1974 but
1177 1941 1248 1974 this
1268 1941 1298 1975 is
1318 1952 1364 1975 an

151 1986 398 2028 exaggeration
426 1986 619 2028 (Hodgkin‚
646 1985 738 2027 Italy
762 1985 832 2018 and
857 1985 915 2017 her
940 1984 1114 2024 Invadere,
1142 1985 1160 2018 I
1186 1988 1238 2028 pt.
1264 1985 1300 2025 ii,
1327 1995 1363 2029 p.

151 2031 242 2070 722).
292 2030 427 2062 Within
449 2040 469 2062 a
490 2029 556 2063 few
576 2040 677 2072 years
698 2029 789 2062 after
809 2029 907 2062 these
927 2029 1014 2062 lines
1034 2040 1122 2062 were
1142 2029 1283 2063 written
1302 2029 1365 2063 the

149 2094 194 2130 62
