1456 2358
597 152 959 194 PRUDENTIUS

223 259 499 310 inlustratque
519 259 606 298 dies
624 259 767 298 limina
785 260 990 299 vestibuli.

171 313 268 352 inde
287 314 359 352 ubi
377 327 596 366 progressu
614 313 724 352 facili
742 317 974 366 nigrescere
993 317 1079 354 visa
1098 321 1163 355 est

224 382 306 406 nox
326 368 498 406 obscura
515 368 594 407 loci
611 382 687 420 per
705 382 850 420 specus
870 370 1125 422 ambiguum,
1309 373 1384 413 160

172 428 391 461 occurrunt
409 423 526 461 celsis
542 422 559 447 1
576 425 744 462 inmissa
762 422 964 463 foramina
981 427 1119 467 tectis.

224 490 331 528 quae
350 480 503 516 iaciant
521 477 650 516 claros
670 483 790 517 antra
808 492 931 530 super
949 479 1096 518 radios.

172 531 402 583 quamlibet
421 534 621 583 ancipites
640 538 789 571 texant
807 533 902 572 hinc
919 534 1016 572 inde
1035 547 1219 574 recessus

224 592 315 625 arta
333 587 410 624 sub
429 587 629 625 umbrosis
649 590 755 625 atria
772 589 1011 639 porticibus,

172 647 216 679 at
235 647 379 679 tamen
399 644 523 679 excisi
542 642 686 680 subter
704 655 804 680 cava
821 645 977 689 viscera
995 646 1147 682 montis
1309 646 1383 686 165

222 696 366 734 crebra
384 697 596 734 terebrato
615 695 769 735 fornice
787 697 859 735 lux
877 703 1085 749 penetrat.

171 753 227 788 sic
246 750 370 789 datur
389 751 571 789 absentis
589 765 665 802 per
683 751 954 790 subterranea
972 752 1067 791 solis

222 818 390 843 cernere
410 804 615 857 fulgorem
632 805 938 858 luminibusque
957 806 1049 845 frui.

169 859 321 898 talibus
342 859 560 912 Hippolyti
578 873 724 911 corpus
743 861 966 899 mandatur
984 864 1153 913 opertis,
1383 906 1392 911 ,

221 920 392 966 propter
410 915 482 952 ubi
501 915 690 966 adposita
709 921 774 954 est
793 929 864 953 ara
882 916 1020 954 dicata
1039 916 1145 955 Deo.
1309 918 1384 958 170

168 969 240 1006 illa
258 972 506 1007 sacramenti
524 969 716 1008 donatrix
735 983 880 1008 mensa
899 971 1130 1022 eademque

221 1030 358 1062 eustos
378 1023 461 1062 fida
479 1026 542 1062 sui
560 1027 752 1076 martyris
772 1025 962 1076 adposita

169 1084 306 1116 servat
326 1078 379 1116 ad
398 1081 559 1117 aeterni
577 1091 695 1130 spem
712 1079 882 1117 vindicis
902 1093 993 1118 ossa
1011 1079 1213 1132 sepulcro,

220 1135 353 1184 pascit
371 1135 475 1171 item
493 1136 644 1172 sanctis
664 1133 885 1172 Tibricolas
905 1134 1092 1186 dapibus.

169 1190 272 1225 mira
290 1188 368 1226 loci
386 1190 521 1239 pietas
542 1193 586 1226 et
604 1194 797 1239 prompta
814 1190 1080 1240 precantibus
1100 1202 1171 1227 ara
1310 1191 1383 1231 175

221 1255 314 1293 spes
333 1241 547 1280 hominum
565 1242 727 1294 placida
745 1246 1022 1295 prosperitate
1040 1246 1168 1283 iuvat.

168 1296 234 1334 hic
253 1297 495 1348 corruptelis
516 1300 724 1348 animique
744 1303 788 1336 et
807 1300 984 1350 corporis
1004 1311 1130 1351 aeger

220 1354 331 1389 oravi
351 1354 542 1402 quotiens
562 1357 730 1397 stratus,
750 1365 873 1403 opem
891 1355 1036 1391 merui.

168 1406 279 1457 quod
297 1406 430 1444 laetor
448 1406 600 1452 reditu,
620 1407 732 1457 quod
750 1412 808 1452 te,
828 1407 1063 1446 venerande
1083 1407 1287 1454 sacerdos,

220 1460 425 1512 conplecti
443 1460 603 1499 licitum
623 1466 700 1506 est,
720 1462 852 1499 scribo
872 1462 983 1512 quod
1001 1461 1105 1500 haec
1125 1462 1287 1508 eadem,
1307 1463 1383 1503 180

168 1515 397 1567 Hippolyto
416 1518 499 1553 scio
518 1528 585 1553 me
605 1515 773 1561 debere,
794 1515 909 1554 Deus
929 1518 995 1554 cui
1014 1516 1200 1555 Christus

218 1583 338 1621 posse
358 1569 489 1615 dedit,
509 1570 621 1621 quod
640 1573 730 1621 quis
749 1570 948 1621 postulet,
968 1571 1164 1610 adnuere.

166 1626 269 1675 ipsa,
288 1624 378 1662 illas
398 1627 560 1662 animae
581 1627 748 1663 exuvias
769 1638 875 1676 quae
895 1627 1082 1664 continet
1099 1628 1226 1672 intus,

220 1679 407 1717 aedicula
427 1685 600 1731 argento
619 1678 804 1731 fulgurat
824 1692 875 1717 ex
895 1679 1036 1718 solido.

166 1733 360 1784 praefixit
379 1733 542 1772 tabulas
561 1733 675 1772 dives
694 1747 840 1772 manus
861 1747 1040 1785 aequore
1058 1734 1139 1773 levi
1307 1736 1380 1777 185

219 1788 460 1834 candentes,
479 1801 672 1826 recavum
692 1788 813 1839 quale
832 1791 941 1827 nitet
960 1788 1188 1840 speculum,

166 1855 243 1880 nec
264 1841 391 1880 Pariis
411 1848 610 1881 contenta
628 1843 764 1881 aditus
785 1843 990 1882 obducere
1010 1845 1118 1882 saxis

167 1964 204 2004 (“
214 1920 227 1940 1
251 1920 512 2005 {ogeryman’s
523 1921 567 1954 M
568 1920 632 1954 SS.
647 1932 655 1959 ;
681 1919 828 1954 editions
843 1921 950 1964 before
965 1921 1165 1963 Beryman's
1176 1921 1259 1956 have
1271 1922 1380 1958 caesis

221 1975 263 1996 CU
338 1990 345 1996 .

256 2081 271 2096 ‘²
295 2075 358 2109 See
375 2075 507 2114 Allard,
525 2086 580 2118 op.
598 2076 668 2115 cit„
686 2076 875 2119 Appendix
892 2076 936 2110 D.
1105 2076 1119 2098 ⁶
1141 2076 1288 2112 Marble.

164 2130 237 2179 316
