1456 2358
608 141 969 184 PRUDENTIUS

339 246 513 286 dextrae
533 248 714 288 subsidio
732 255 832 288 tuae

338 303 558 341 subiecisse
578 303 710 342 salum
728 304 827 343 solo.

390 357 611 396 Iordanem
631 372 796 410 quoque
815 362 1001 400 novimus

337 414 456 450 tortis
477 414 698 451 verticibus
717 427 883 466 vagum,

336 466 435 504 dum
455 466 587 506 fertur
604 469 747 519 rapido
766 471 940 521 impetu,

337 521 390 559 ad
409 520 569 560 fontem
588 522 726 561 refluis
745 530 856 562 retro

335 575 568 628 confugisse
587 579 807 618 meatibus.

386 630 489 669 haec
508 632 705 670 miracula
723 639 821 672 sunt
839 639 938 673 tuae

334 687 512 732 virtutis,
533 686 727 734 Domine,
746 694 794 727 ut
812 689 935 727 modo

334 741 562 791 suspendar
580 741 670 780 leve
690 749 940 794 praenatans

333 807 494 834 summo
512 799 679 848 gurgite
698 797 891 844 fluminis,

332 863 426 887 cum
445 850 549 889 collo
568 851 781 903 scopulum
800 853 975 892 traham.

383 907 466 942 iam
484 905 631 956 plenus
650 907 796 945 titulus
816 911 878 946 tui
899 914 962 947 est

333 964 377 997 et
395 962 454 997 vis
473 960 638 1011 prodita
656 964 846 1008 nominis,

332 1027 457 1064 quam
476 1015 643 1067 gentilis
661 1015 791 1055 hebet
810 1023 975 1069 stupor:

332 1069 532 1116 absolvas,
550 1083 708 1121 precor,
728 1075 900 1123 optime,

330 1122 450 1162 huius
469 1138 578 1163 nunc
598 1128 760 1164 animae
779 1140 926 1166 moras.

383 1179 482 1230 quid
500 1182 629 1230 possis
647 1182 798 1232 probat
817 1185 1014 1228 amnicus,

331 1236 401 1284 qui
420 1240 560 1272 vectat
578 1235 748 1282 silicem,
766 1236 911 1288 liquor.
970 1272 972 1275 .

329 1286 406 1326 hoc
424 1290 507 1326 iam
527 1290 638 1340 quod
656 1297 846 1341 superest
865 1292 982 1338 cedo,

330 1355 411 1393 quo
430 1343 488 1381 nil
508 1349 572 1382 est
590 1347 808 1395 pretiosius

328 1410 402 1448 pro
421 1403 480 1443 te,
500 1398 663 1437 Christe
683 1399 813 1445 Deus,
833 1401 978 1439 mori.”

380 1458 569 1491 orantem
588 1454 709 1492 simul
727 1454 879 1493 halitus

329 1511 373 1544 et
391 1520 470 1545 vox
490 1507 645 1547 deserit
665 1514 708 1547 et
727 1510 858 1554 calor;

327 1561 489 1600 scandit
507 1565 673 1614 spiritus
693 1564 835 1610 ardua,

328 1615 376 1654 fit
394 1617 556 1667 pondus
574 1631 699 1669 grave
719 1632 905 1666 saxeum,

327 1683 472 1722 corpus
492 1675 720 1724 suscipiunt
739 1687 886 1725 aquae.

723 1795 828 1833 VIII

1344 311 1393 350 65

1342 585 1392 623 70

1340 859 1388 899 75

1335 1133 1386 1172 80

1334 1407 1384 1447 85

1333 1626 1383 1664 90

206 1879 272 1917 ΒΕ
294 1880 403 1918 Loco
424 1894 468 1919 IN
488 1894 566 1924 Quo
589 1882 821 1922 MARTYRES
851 1897 958 1923 PAssl
978 1898 1094 1932 SUNT,
1115 1900 1223 1925 NUNC
1242 1887 1346 1926 BA?-

460 1948 684 1975 TISTERIUM
714 1951 784 1976 EST
813 1939 1063 1979 CALAGURRI.

168 2014 350 2053 ELECTUS
370 2015 533 2055 Christo
551 2017 662 2055 locus
684 2023 761 2064 est,
781 2019 851 2057 ubi
870 2020 994 2058 corda
1011 2022 1186 2071 probata

219 2069 420 2119 provehat
440 2071 492 2109 ad
511 2072 671 2111 caelum
690 2076 905 2126 sanguine,
924 2081 1076 2128 purget
1095 2089 1215 2129 aqua.

167 2126 238 2163 218
