1456 2358
559 141 922 182 PRUDENTIUS

130 249 395 299 principibus,
415 262 540 299 quarn
559 248 648 286 vult
666 248 914 299 praenobilis
931 247 1001 286 ille
1020 253 1187 286 senator

130 303 273 341 orandi
293 309 383 341 arte
402 309 550 354 potens
572 309 615 341 et
634 303 782 341 callida
801 302 956 355 fingere
976 303 1121 341 doctus
1273 303 1360 344 645·

130 360 438 408 mentitumque
457 360 592 409 gravis
611 370 811 409 personae
830 357 1026 396 inducere
1044 357 1220 409 pondus,

130 418 178 450 ut
197 415 377 464 tragicus
397 418 540 450 cantor
558 412 670 464 ligno
690 415 798 464 tegit
817 426 888 450 ora
906 418 1067 458 cavato,

129 467 287 518 grande
308 467 474 518 aliquod
493 469 606 504 cuius
626 480 701 518 per
718 466 879 504 hiatum
898 469 1052 505 crimen
1072 466 1254 505 anhelet.

183 524 216 560 si
236 535 378 559 vocem
397 522 588 559 simulare
607 521 718 566 licet,
738 534 889 572 nempe
909 524 1044 572 aptior
1061 524 1142 559 ista

131 590 208 614 vox
230 576 386 614 Romae
403 582 480 622 est,
497 589 623 627 quam
637 589 746 614 nunc
762 578 848 614 eius
868 577 944 614 sub
963 578 1129 614 nomine
1147 588 1348 627 promam.

131 644 238 683 quae
259 633 356 682 quia
374 637 497 681 turpe
516 636 640 681 putat
659 630 910 682 templorum
929 630 1028 668 flere
1047 631 1255 681 repulsam
1275 633 1349 672 651

131 686 361 737 aegidaque
381 688 423 723 in
442 685 577 724 dubiis
596 699 669 736 pro
689 699 733 723 se
752 698 958 737 pugnasse
978 685 1139 736 periclis

131 740 266 779 dicere
287 753 412 792 seque
432 754 602 792 gravem
622 743 735 778 senio
754 740 979 778 inclinante
999 739 1136 786 fateri,

131 795 323 834 ductores
342 795 542 846 conplexa
561 808 654 833 suos
674 797 730 833 sic
748 794 861 833 laeta
878 793 1087 846 profatur:

147 849 155 863 ‘
177 850 214 888 O
234 850 331 887 clari
351 850 506 888 salvete
526 849 666 895 duces,
685 862 886 901 generosa
904 863 1088 901 propago
1274 850 1353 891 655

132 907 324 956 principis
343 907 497 949 invicti,
518 905 593 942 sub
614 917 695 955 quo
714 907 875 942 senium
894 917 1015 942 omne
1034 917 1253 943 renascens

132 959 303 1011 deposui
323 959 487 1011 vidique
506 972 644 997 meam
663 958 884 997 flavescere
902 972 1039 997 rursus

132 1016 349 1052 canitiem:
384 1027 480 1051 nam
499 1027 593 1051 cum
611 1013 802 1051 mortalia
821 1019 970 1052 cuncta
988 1019 1174 1052 vetustas

132 1071 349 1114 inminuat,
369 1068 469 1106 mihi
487 1068 611 1120 longa
630 1068 717 1107 dies
738 1068 848 1106 aliud
867 1070 976 1119 parit
995 1081 1157 1114 aevum,

132 1137 239 1176 quae
259 1123 434 1161 vivendo
453 1123 524 1161 diu
543 1123 667 1161 didici
686 1128 952 1161 contemnere
973 1123 1110 1161 finem.
1275 1124 1352 1163 660

132 1192 253 1223 nunc,
274 1191 381 1215 nunc
400 1180 509 1215 iusta
528 1180 629 1215 meis
648 1179 882 1215 reverentia
900 1180 1087 1228 conpetit
1107 1180 1237 1223 annis,

132 1246 239 1271 nunc
259 1235 407 1271 merito
427 1233 538 1270 dicor
557 1232 801 1270 venerabilis
822 1238 866 1270 et
884 1237 1010 1283 caput
1029 1232 1151 1278 orbis,

132 1301 227 1326 cum
244 1287 409 1339 galeam
428 1288 503 1324 sub
523 1286 668 1324 fronde
687 1287 804 1324 oleae
823 1289 1049 1338 cristasque
1068 1287 1266 1325 rubentes

132 1345 321 1380 concutio
341 1341 458 1379 viridi
477 1341 616 1379 velans
636 1340 725 1378 fera
743 1341 907 1392 cingula
926 1347 1036 1379 serto

133 1403 260 1448 atque
281 1402 440 1434 armata
461 1396 598 1434 Deum
618 1398 705 1433 sine
725 1398 893 1433 crimine
912 1395 1050 1434 caedis
1070 1395 1207 1434 adoro.
1275 1398 1350 1437 665

132 1454 287 1489 crimen
307 1454 431 1496 enim,
450 1453 567 1502 piget
586 1450 682 1495 heu,
702 1452 856 1488 crimen
874 1455 1137 1501 persuaserat
1155 1456 1275 1489 atrox
1342 1453 1355 1458 Χ

134 1506 335 1557 Iuppiter,
355 1511 403 1544 ut
422 1519 535 1543 sacro
554 1508 756 1543 iustorum
775 1507 975 1556 sanguine
994 1507 1126 1543 tincta

132 1561 353 1599 adsuetum
372 1560 490 1598 bellis
510 1560 754 1598 scelerarem
773 1558 918 1597 funere
938 1558 1104 1598 ferrum.

130 1615 239 1654 illius
258 1618 457 1653 instinctu
475 1617 630 1666 primus
651 1613 760 1652 Nero
779 1619 913 1652 matre
931 1620 1150 1666 perempta

133 1672 377 1722 sanguinem
397 1669 666 1720 apostolicum
684 1669 791 1707 bibit
810 1682 857 1706 ac
875 1682 943 1707 me
963 1674 1102 1721 strage
1120 1671 1282 1720 piorum

131 1725 279 1777 polluit
300 1730 343 1763 et
361 1726 571 1776 proprium
589 1722 747 1762 facinus
766 1723 866 1761 mihi
885 1736 1029 1762 saevus
1048 1726 1207 1763 inussit.
1274 1725 1347 1765 671

181 1844 196 1859 ⁰
220 1839 273 1881 C'f.
290 1839 377 1871 lines
393 1840 436 1872 80
450 1838 486 1871 ff.
504 1838 575 1870 and
591 1837 823 1880 Symmachus
839 1839 871 1870 9.

181 1883 194 1904 ὃ
221 1883 346 1915 Actors
365 1893 411 1915 on
431 1883 492 1915 the
511 1886 610 1924 stage
626 1893 716 1914 wore
736 1882 854 1914 masks
874 1892 970 1915 more
988 1892 1028 1914 or
1050 1882 1116 1914 less
1135 1882 1289 1924 adapted
1309 1886 1349 1916 to

133 1927 195 1960 the
212 1927 402 1964 character,
419 1926 491 1959 and
506 1926 637 1968 having
653 1937 674 1958 a
689 1926 777 1958 wide
793 1926 943 1968 opening
959 1926 1013 1958 for
1028 1925 1089 1959 the
1105 1926 1242 1960 mouth.

178 1977 190 1991 ⁶
214 1971 277 2004 See
292 1974 376 2003 note
391 1981 436 2003 on
453 1970 521 2003 line
537 1971 613 2003 535.

182 2015 197 2035 ‘¹
221 2015 414 2057 Agrippina.
431 2014 601 2053 (Tacitus,
619 2013 766 2052 Annale,
786 2013 883 2053 XIV,
904 2015 1015 2056 1-11).

177 2065 189 2079 ⁶
213 2059 254 2091 St
268 2059 371 2092 Peter
384 2058 456 2091 and
470 2057 511 2091 St
524 2058 623 2091 Paul.

134 2123 182 2172 58
