1456 2358
640 158 1003 201 PRUDENTIUS

214 262 354 314 figitur
374 277 472 316 ergo
491 278 637 304 manus
656 266 814 312 subter,
833 266 921 306 sola
938 280 1078 307 versus
1096 270 1140 307 in
1158 281 1370 316 cacumen,
1416 287 1418 290 ’

265 323 342 362 hoc
360 330 503 363 mente
522 328 666 372 maior,
686 339 768 377 quo
786 329 921 366 minor
939 327 1082 380 figura.

213 390 384 422 noverat
404 397 456 422 ex
475 384 620 423 humili
639 386 800 425 caelum
818 389 938 426 citius
956 388 1088 427 solere
1108 389 1234 435 adiri3

264 443 417 483 deiecit
435 458 506 483 ora
525 448 716 496 spiritum
735 446 920 486 daturus.
1377 453 1429 491 20

212 510 259 542 ut
278 510 388 543 teres
409 505 517 544 orbis
535 508 616 544 iter
635 505 732 545 flexi
750 513 842 546 rota
860 512 1115 559 percucurrit
1134 513 1232 549 anni

263 564 458 616 diemque
479 566 660 604 eundem
678 567 738 606 sol
757 568 925 607 reduxit
944 575 1072 617 ortus,

212 627 365 662 evomit
383 627 426 662 in
444 625 632 677 iugulum
652 624 770 665 Pauli
789 627 899 667 Nero
918 627 1122 667 fervidum
1141 628 1336 678 furorem,

262 685 379 722 iubet
398 684 511 723 feriri
529 689 720 738 gentium
739 680 1005 740 magistrum.⁴

209 746 297 795 ipse
316 748 428 796 prius
448 746 616 785 sibimet
635 746 761 786 finem
780 751 862 787 cito
881 749 1047 788 dixerat
1065 749 1274 789 futurum:
1377 753 1427 793 25

262 803 270 818 ‘
291 805 344 843 ad
363 805 573 844 Christum
593 808 776 846 eundum
796 814 874 855 est,
893 811 976 847 iam
994 809 1202 857 resolvor,’
1221 813 1371 863 inquit.
1454 861 1456 864 v

209 878 285 903 nec
304 879 432 912 mora,
447 866 715 917 protrahitur,
730 881 891 920 poenae
910 869 1047 916 datur,
1065 870 1290 910 inmolatur
1305 885 1403 911 ense
1416 883 1427 918 ;

260 939 342 963 non
362 925 463 964 hora
481 933 636 973 vatem,
655 942 737 967 non
757 928 845 968 dies
865 928 1030 969 fefellit.

208 985 356 1024 dividit
375 1000 466 1025 ossa
485 987 615 1025 duum
633 988 780 1041 Tybris
799 1003 914 1028 sacer
934 1003 986 1028 ex
1005 996 1183 1044 utraque
1200 993 1304 1044 ripa,

258 1049 368 1085 inter
387 1053 548 1086 sacrata
567 1048 667 1087 dum
685 1048 778 1088 fluit
797 1050 998 1102 sepulcra.
1374 1055 1426 1094 30

207 1106 357 1145 dextra
375 1105 547 1146 Petrum
565 1111 680 1161 regio
699 1112 822 1148 tectis
841 1116 963 1150 tenet
981 1114 1116 1150 aureis
1134 1117 1353 1165 receptum

258 1180 410 1206 canens
429 1167 551 1215 oliva,
570 1183 829 1209 murmurans
849 1170 1019 1210 fluento.

206 1240 386 1279 namque
406 1229 624 1280 supercilio
643 1233 732 1268 saxi
749 1229 884 1282 liquor
903 1236 1016 1270 ortus
1037 1234 1235 1272 excitavit

257 1286 418 1326 fontem
436 1302 665 1339 perennem
683 1290 914 1330 chrismatis
934 1291 1128 1331 feracem.

205 1361 314 1386 nunc
332 1351 514 1400 pretiosa
532 1352 616 1388 ruit
634 1363 709 1402 per
727 1365 932 1390 marmora
949 1352 1210 1405 lubricatque
1229 1353 1395 1400 clivum,

257 1408 389 1447 donec
407 1412 557 1448 virenti
576 1409 752 1450 fluctuet
770 1411 974 1464 colymbo.
1371 1416 1422 1455 36

203 1470 374 1508 interior
392 1469 544 1508 tumuli
561 1484 656 1522 pars
676 1477 754 1518 est,
774 1472 845 1511 ubi
863 1472 1046 1524 lapsibus
1065 1476 1221 1512 sonoris

256 1534 452 1581 stagnum
470 1530 596 1569 nivali
613 1531 792 1571 volvitur
808 1531 1027 1584 profundo.

204 1589 427 1628 omnicolor
445 1592 596 1630 vitreas
615 1593 778 1643 pictura
796 1605 974 1644 superne
994 1596 1150 1646 tinguit
1169 1593 1315 1640 undas,

255 1652 385 1688 musci
403 1650 593 1690 relucent
613 1657 657 1690 et
675 1654 840 1691 virescit
859 1666 1006 1691 aurum
1370 1655 1422 1695 40

203 1722 468 1762 cyaneusque
486 1710 601 1749 latex
621 1712 810 1750 umbram
829 1712 960 1752 trahit
978 1715 1218 1752 inminentis
1237 1716 1360 1753 ostri:

255 1769 398 1808 credas
417 1773 573 1810 moveri
591 1770 784 1810 fluctibus
803 1772 983 1811 lacunar.

247 1893 262 1908 ‘²
287 1889 341 1930 Cf.
360 1889 398 1922 II
415 1890 584 1934 Timothy
601 1892 649 1931 iv,
667 1893 700 1925 6.

247 1931 260 1952 ¹³
284 1932 515 1967 Constantine
538 1935 631 1968 built
652 1946 674 1968 a
698 1936 829 1969 church
852 1947 937 1970 over
959 1937 1022 1970 the
1043 1936 1146 1971 tomb
1169 1937 1211 1971 of
1229 1936 1282 1971 St.
1302 1937 1419 1973 Peter.

202 1975 238 2008 It
252 1987 324 2008 was
338 1977 501 2019 replaced
516 1979 565 2021 by
578 1979 640 2012 the
654 1984 798 2022 present
812 1980 864 2013 St.
881 1981 1016 2014 Peter’s
1029 1982 1066 2014 in
1079 1980 1143 2014 the
1159 1981 1244 2015 leth
1258 1984 1419 2027 century.

201 2019 265 2052 See
282 2019 461 2060 Lamiani,
478 2033 533 2063 op.
551 2023 620 2062 cit„
636 2034 696 2066 pp.
715 2025 881 2058 132-158.

248 2068 260 2084 ⁰
284 2065 315 2097 A
337 2064 537 2108 baptistery
560 2077 630 2100 was
654 2068 882 2101 constructed
905 2068 955 2111 by
977 2069 1074 2112 Pope
1097 2068 1275 2103 Damasus
1296 2070 1334 2104 in
1355 2069 1420 2104 the

200 2138 274 2176 324
