1456 2358
560 121 923 162 PRUDENTIUS

131 241 309 279 congere
329 241 542 266 caesorum
561 230 708 265 victrix
727 227 967 266 diademata
986 241 1146 280 regum,

132 295 278 348 frange
296 296 555 348 repulsorum
574 295 698 334 foeda
717 302 962 334 ornamenta
981 297 1175 335 deorum:

131 370 232 403 tunc
251 365 329 403 tibi
347 379 430 403 non
448 367 569 403 terris
588 370 756 402 tantum
775 366 945 403 victoria
963 370 1085 416 parta
1214 417 1216 421 ι
1305 367 1355 406 65

131 433 206 471 sed
225 446 349 484 super
368 439 479 471 astra
499 435 627 471 etiam
646 433 786 471 media
803 433 1035 471 servabitur
1055 433 1202 472 aede.”

183 501 285 539 talia
302 501 554 553 principibus
574 501 686 539 dicta
704 500 998 540 interfantibus
1016 501 1087 540 ille

130 573 395 621 prosequitur
413 572 658 622 magnisque
678 570 826 609 tubam
844 570 1112 608 concentibus
1130 569 1272 615 inflat3

130 638 286 690 allegat
304 652 463 677 morem
483 644 683 684 veterem,
703 638 761 677 nil
780 638 938 676 dulcius
959 651 1049 677 esse

130 707 306 747 affirmat
325 707 454 746 solitis
474 707 731 759 populosque
750 707 1022 758 hominesque
1041 709 1176 746 teneri
1305 709 1356 747 70

129 775 224 828 lege
243 790 329 814 sua,
386 775 409 789 ‘⁴
429 778 535 814 sicut
555 778 692 814 variae
711 774 1019 821 nascentibus‚’'
1038 777 1189 827 inquit,

130 843 153 857 ‘⁴
170 847 418 897 contingunt
437 847 575 896 pueris
596 847 773 890 animae,
793 846 850 882 sic
870 844 1039 882 urbibus
1059 843 1198 882 adfert

129 912 230 952 hora
249 913 421 965 diesque
441 927 552 958 suus,
572 926 666 951 cum
685 915 865 964 primum
883 915 1048 951 moenia
1066 917 1255 964 surgunt,

130 987 204 1021 aut
223 981 358 1020 fatum
377 988 450 1020 aut
469 984 653 1034 genium,
673 983 787 1020 cuius
805 981 1088 1019 moderamine
1106 979 1328 1033 regnent.”

130 1050 247 1089 addit
267 1056 311 1089 et
331 1064 526 1088 arcanum
544 1064 683 1088 rerum
702 1052 872 1102 verique
891 1050 1072 1088 latebras
1303 1050 1354 1090 75

129 1122 406 1171 prosperitate
427 1119 565 1171 aliqua
584 1119 786 1170 deprendi
804 1132 924 1170 posse
945 1118 1115 1157 secundi

129 1200 204 1238 per
222 1188 474 1226 documenta
492 1188 603 1233 boni,
623 1190 656 1225 si
676 1189 758 1225 sint
778 1186 914 1225 felicia
933 1199 1040 1238 quae
1061 1188 1151 1238 quis

131 1256 383 1307 experiendo
402 1256 574 1307 probet:
609 1258 778 1293 cessisse
797 1255 1040 1307 parentibus
1060 1267 1182 1293 omne

127 1324 299 1363 idolium
318 1337 482 1376 semper
501 1323 678 1362 feliciter
698 1330 742 1362 et
760 1323 868 1375 pede
889 1323 1050 1362 dextro.

130 1398 347 1431 enumerat
365 1393 479 1445 longi
497 1395 580 1431 vim
599 1395 812 1444 temporis,
834 1395 990 1430 excitat
1008 1394 1142 1444 ipsam
1302 1393 1353 1431 80

127 1462 306 1500 crinibus
326 1461 540 1500 albentem
558 1463 687 1499 niveis
709 1466 752 1499 et
771 1461 909 1499 fronte
928 1463 1098 1505 vietam,

127 1543 198 1569 ore
217 1536 506 1581 reposcentem
526 1529 699 1581 querulo
719 1543 793 1568 sua
811 1531 982 1567 numina
1001 1528 1187 1567 Romam.

127 1598 150 1612 “
169 1598 300 1637 libera
319 1612 424 1644 sum,
443 1598 568 1637 liceat
586 1600 751 1650 proprio
770 1597 871 1636 mihi
890 1600 1027 1635 vivere
1045 1609 1172 1636 more.

129 1669 267 1719 ecquis
288 1670 381 1712 erit,
402 1669 473 1718 qui
491 1667 604 1705 mille
623 1680 737 1704 meos
757 1665 1072 1718 reprehenderit
1091 1665 1246 1703 annos?

127 1749 210 1774 uno
229 1749 372 1774 omnes
392 1736 469 1774 sub
489 1735 573 1774 sole
594 1738 662 1773 siti
681 1741 927 1787 vegetamur
946 1733 1094 1772 eodem
1300 1734 1350 1773 85

127 1817 239 1850 aere,
258 1806 485 1843 communis
505 1806 662 1842 cunctis
683 1803 916 1842 viventibus
936 1815 1047 1841 aura.

127 1873 202 1912 sed
220 1875 291 1924 qui
310 1875 364 1911 sit
383 1872 598 1924 qualisque
620 1872 750 1917 Deus,
770 1871 931 1910 diversa
950 1872 1082 1909 secuti

127 1943 362 1993 quaerimus
383 1947 510 1992 atque
530 1943 604 1978 viis
623 1940 746 1992 longe
766 1939 1017 1978 distantibus
1037 1951 1166 1978 unum

126 2012 232 2048 imus
252 2009 305 2048 ad
324 2009 544 2048 occultum.
597 2023 693 2047 suus
713 2013 776 2046 est
794 2021 881 2046 mos
900 2009 1048 2059 cuique
1065 2008 1211 2060 genti,-

131 2100 172 2127 12
