1456 2358
638 117 1001 158 PRUDENTIUS

209 237 379 276 corpora
398 223 563 263 famosis
583 224 681 263 olim
700 225 835 263 ditata
853 227 1005 276 rapinis

209 289 252 325 in
270 287 454 326 cumulos
474 294 672 339 congesta
690 290 851 332 iacent3
883 288 1088 326 mirabere
1107 289 1222 333 seris,

209 353 444 402 posteritas,
464 351 607 388 saeclis
626 350 843 388 inhumata
862 350 1063 389 cadavera
1080 350 1181 396 late,

210 427 317 464 quae
338 412 590 452 Pollentinos
610 419 809 452 texerunt
827 414 984 452 ossibus
1004 426 1136 465 agrOS.
1193 421 1197 426 ’
1353 412 1431 452 ’720

209 479 242 514 si
260 479 379 528 potui
397 477 586 514 manibus
607 476 821 515 Gallorum
841 478 978 515 excisa
995 475 1133 514 levare

209 539 262 578 de
281 542 465 578 cinerum
484 539 673 591 squalore
693 545 832 591 caput,
851 539 1056 578 redeunte
1075 538 1250 578 Camillo

209 605 327 654 signa
345 602 553 641 renidenti
572 601 735 640 fumans
755 605 788 640 si
807 601 944 641 fronte
963 604 1115 654 recepi,

209 667 242 702 si
261 667 379 716 potui
397 667 566 703 miseras
586 667 706 703 sertis
725 665 918 703 redimire
937 667 1075 703 ruinas

209 733 253 766 et
272 727 381 766 male
399 727 632 779 pendentes
651 727 767 765 lauro
785 729 1054 779 praecingere
1073 732 1222 773 turres,
1353 727 1376 766 7
1380 727 1430 777 25

209 803 290 842 quo
309 796 355 829 te
373 790 593 842 suscipiam
611 793 784 842 gremio,
803 789 1025 828 fortissime
1043 789 1262 842 princeps?

209 866 310 904 quos
330 867 522 905 spargam
541 852 688 891 flores?
723 853 872 904 quibus
890 853 1101 891 insertabo
1120 854 1278 891 coronis

208 917 341 954 atria?
376 929 483 967 quae
502 915 619 954 festis
639 915 890 968 suspendam
908 915 1036 968 pallia
1054 917 1197 967 portis,

207 981 385 1017 inmunis
405 981 514 1017 tanti
532 979 633 1017 belli
653 993 700 1017 ac
718 984 763 1018 te
783 984 922 1017 stante
942 979 1018 1017 sub
1038 981 1160 1017 armis

206 1042 337 1080 libera
357 1048 400 1080 et
421 1055 519 1080 aure
538 1048 660 1080 tenus
682 1042 849 1080 Geticos
870 1047 1044 1093 experta
1062 1040 1295 1080 tumultus?
1353 1042 1431 1082 730

208 1105 359 1143 scande
378 1104 672 1156 triumphalem
692 1118 869 1150 currum,
889 1104 1110 1156 spoliisque
1129 1106 1307 1156 receptis

208 1168 288 1206 huc
308 1167 470 1206 Christo
490 1170 716 1206 eomitante
737 1170 843 1205 veni.
899 1167 1013 1213 date,
1032 1167 1195 1205 vincula
1213 1166 1380 1205 demam

209 1233 381 1282 captivis
399 1231 618 1282 gregibus3
652 1233 833 1268 manicas
852 1230 1049 1282 deponite
1067 1229 1191 1282 longo
1428 1223 1430 1227 ’

209 1297 329 1332 tritas
349 1296 528 1339 servitio,
548 1299 730 1332 matrum
749 1296 1028 1344 iuvenumque
1047 1299 1253 1332 catervae.

209 1356 396 1395 dediscat
415 1359 567 1394 servire
586 1369 714 1395 senex
733 1356 827 1394 laris
848 1355 944 1394 exul
963 1358 1077 1402 aviti,
1353 1357 1429 1397 735

209 1420 342 1458 discat
362 1426 405 1458 et
425 1420 478 1458 ad
496 1422 678 1471 patrium
695 1419 823 1457 limen
841 1421 1054 1471 genetrice
1073 1432 1238 1458 reversa

210 1486 437 1535 ingenuum
457 1496 500 1521 se
520 1495 640 1521 nosse
658 1496 774 1534 puer.
829 1484 954 1521 timor
972 1485 1102 1521 omnis
1123 1483 1290 1528 abest03

211 1549 394 1592 vicimus,
415 1546 603 1584 exultare
621 1546 737 1584 libet.
794 1546 894 1597 quid
912 1545 997 1584 tale
1015 1545 1179 1598 repulso

211 1608 444 1648 Poenorum
464 1609 674 1661 quondam
693 1609 798 1647 duce
819 1609 1022 1661 contigit?
1055 1609 1127 1648 ille
1146 1611 1306 1661 petitae

210 1679 432 1724 postquam
450 1672 683 1724 perculerat
703 1671 951 1710 tremefacta
969 1671 1168 1724 repagula
1185 1677 1347 1724 portae,

210 1735 373 1773 Baianis
393 1735 596 1774 resolutus
617 1738 733 1786 aquis
753 1735 968 1773 durissima
986 1735 1087 1773 luxu
1354 1735 1427 1775 741

259 1858 275 1873 ‘²
299 1853 483 1885 Tradition
506 1853 583 1885 told
605 1852 695 1890 how,
719 1852 819 1884 when
842 1852 904 1884 the
927 1851 1035 1884 Gauls
1057 1862 1146 1884 were
1168 1852 1345 1895 besieging
1366 1852 1428 1885 tho

214 1896 353 1939 Capitol
370 1900 409 1929 at
427 1896 540 1929 Rome
558 1898 629 1936 (see
646 1900 730 1928 note
749 1906 794 1928 on
812 1895 881 1928 line
899 1896 991 1936 688),
1010 1895 1175 1929 Camillus
1192 1906 1263 1928 was
1279 1895 1430 1929 recalled

214 1941 304 1973 from
321 1941 410 1973 exile
427 1941 498 1972 and
514 1940 604 1978 how,
622 1941 776 1982 arriving
792 1940 879 1972 with
895 1950 917 1972 a
933 1939 1026 1972 soree
1042 1940 1116 1981 just
1132 1940 1232 1972 when
1249 1950 1271 1972 a
1286 1949 1428 1973 ransom

213 1985 249 2016 in
271 1984 353 2026 gold
374 1995 444 2016 was
467 1984 570 2027 being
591 1984 747 2027 weighed
768 1987 833 2016 out
853 1987 892 2017 to
913 1983 974 2016 the
996 1983 1115 2022 Gaulo,
1137 1983 1180 2016 he
1202 1983 1310 2017 drove
1330 1983 1430 2018 them

214 2029 304 2061 from
322 2028 383 2061 the
402 2029 485 2070 city.

212 2093 260 2139 64
